3510 4830
335 256 411 380 23'
636 252 827 345 Rurrt
881 251 1121 346 Euntsrr

329 421 467 505 metrii
487 421 679 527 accepisti?
706 424 897 502 Pundum
921 420 1021 516 sane,
1050 429 1088 504 &
1117 421 1275 518 lineam,
1297 429 1336 507 dc
1355 426 1437 532 plass

329 559 439 629 num,
463 541 500 616 &
523 535 773 638 superficiem,
794 540 832 616 δι
855 533 1018 636 liguram
1040 535 1286 637 triangulam,
1304 543 1344 617 dc
1365 541 1437 617 cir·

330 647 475 737 culum,
497 640 645 748 aliique
680 647 720 723 id
745 669 880 748 genus,
904 645 1091 747 quidnam
1119 645 1207 724 sunt
1233 647 1439 748 dignosce·

327 781 382 850 rc,
412 758 587 858 reeteque
608 758 816 860 appellare.
869 757 993 833 Visne
1013 758 1130 858 igitur
1159 760 1199 835 dr
1225 757 1452 839 medicina?

330 868 413 944 lem
446 867 672 945 facultatem
698 861 719 946 a
759 866 988 945 nominibus
1014 864 1167 946 exorsus
1202 865 1441 967 perdisceret

332 1001 377 1056 ae
404 981 575 1080 primum
604 977 802 1076 omnium,
834 996 878 1055 ut
913 973 1076 1076 singulas
1109 980 1284 1079 eorporis
1312 996 1438 1080 partes

331 1090 521 1189 appellare
540 1088 763 1178 conveniat,
787 1085 929 1164 deinde
959 1091 998 1164 ὅ(
1018 1087 1165 1187 reliqua
1181 1087 1437 1187 quemadmo

330 1197 427 1274 dum
466 1194 652 1278 sermonis
685 1194 894 1301 processus,
941 1191 1218 1298 connexidque
1266 1202 1439 1298 requiret

328 1309 578 1409 agnoscere?
622 1309 707 1387 Aut
736 1309 809 1387 tibi
841 1307 928 1385 satis
956 1305 1028 1388 effe
1067 1308 1234 1398 videtur,
1271 1330 1337 1384 me
1364 1324 1438 1387 ceu

326 1440 482 1497 mutum
504 1442 741 1521 quacunque
767 1418 899 1497 doceri
927 1417 1105 1522 postulas,
1139 1419 1212 1494 tibi
1233 1416 1438 1498 ollenden·

327 1545 411 1606 tem
434 1533 645 1633 explicare?
683 1529 788 1606 Mihi
809 1524 904 1607 verd
934 1529 974 1606 id
996 1552 1080 1606 non
1100 1529 1238 1606 melius
1271 1526 1355 1620 elle,
1383 1523 1440 1604 td·

326 1663 402 1739 que
423 1642 548 1744 ipsum
573 1641 650 1720 hoc
674 1640 785 1743 pado
807 1639 963 1732 discere,
1006 1646 1045 1717 δε
1075 1643 1240 1718 alterum
1284 1640 1439 1732 docere,

327 1748 430 1826 haud
456 1750 570 1828 facile
593 1751 665 1827 else
680 1749 843 1827 videtur.
901 1750 1036 1849 Atque
1064 1749 1114 1827 de
1139 1750 1367 1853 hisquidem
1388 1745 1441 1827 stc

327 1881 417 1935 mea
443 1860 519 1938 fert
539 1864 690 1958 opinio.
752 1861 948 1938 Caeterum
971 1858 1141 1944 audiens,
1158 1865 1197 1931 dt
1212 1863 1252 1932 in
1276 1881 1442 1959 puerum

329 1967 668 2071 hunerelpiciens,
691 1969 905 2060 memorie,
928 1964 1311 2069 quasensuipatent,
1331 1992 1439 2048 com-

329 2079 531 2157 mendato.
559 2077 671 2155 Ante
688 2079 825 2154 omnia
838 2094 888 2152 ‘ut
915 2076 1101 2153 interiora
1113 2075 1340 2178 appellanda
1353 2073 1438 2172 surr,

328 2189 473 2264 animal
485 2186 699 2288 quodpiam
708 2184 863 2262 homini
874 2181 990 2285 quaim
1001 2179 1243 2263 fimillimum
1258 2187 1441 2269 diffecan·

329 2314 399 2388 tes,
412 2298 592 2373 instruere
605 2317 645 2371 te
661 2295 903 2371 conabimur.
920 2293 1160 2370 ·Nihil·enim
1174 2296 1372 2398 impediet,
1384 2318 1438 2379 ta-

328 2401 439 2483 metli
473 2430 557 2483 non
585 2406 721 2482 omnia
738 2398 922 2479 omnibus
949 2398 1086 2479 limilia
1111 2398 1198 2495 fint,
1225 2411 1440 2505 quominus

327 2515 521 2594 summam
577 2514 710 2592 saltem
764 2513 948 2614 cujusque
989 2512 1208 2590 doceamus.
1286 2512 1440 2598 Verum

327 2627 459 2730 priscis
472 2628 714 2726 temporibus
736 2622 976 2700 inhumanis
995 2623 1224 2724 corporibus
1245 2622 1442 2724 hujusmo

327 2737 369 2814 di
380 2731 602 2837 generosius
613 2732 878 2808 ostendebant.

382 2845 564 2920 Maxima
590 2841 765 2941 corporis
796 2856 921 2939 partes
950 2837 1007 2915 hae
1033 2840 1152 2917 sunt:
1190 2864 1318 2944 caput,
1354 2853 1438 2931 001.

326 2957 425 3045 lum,
460 2951 609 3041 thorax,
645 2971 795 3038 manus,
809 2953 867 3027 dt
877 2971 998 3040 crura.
1055 2947 1275 3029 Thoracem
1306 2976 1440 3041 autem

327 3086 413 3142 non
440 3058 569 3142 solum
604 3082 689 3139 eam
725 3077 887 3161 partem,
922 3081 1006 3158 qua
1034 3084 1057 3136 a
1098 3060 1237 3163 jugulis
1272 3062 1320 3139 ad
1344 3088 1440 3194 prae.

325 3174 458 3256 cordia
477 3176 596 3274 usque
628 3173 810 3274 pertinet,
845 3170 1109 3272 appellamus:
1156 3163 1439 3279 verumetiam

323 3305 456 3366 totum
474 3284 584 3376 illud,
594 3280 737 3386 unod
728 3299 829 3361 rutra
849 3282 981 3383 jugula
994 3273 1250 3384 pudenda'que
1275 3266 1439 3393 conclus

324 3400 441 3475 ditur

373 3509 511 3610 Caput
531 3520 718 3594 vocatur,
729 3498 936 3603 quodpilis
955 3499 1195 3604 contegitur,
1219 3484 1439 3608 separatim,

322 3624 360 3700 dt
374 3614 718 3697 imutcumncie:
747 3613 915 3740 capillati
932 3632 1086 3707 aurem
1078 3617 1195 3715 prior
1213 3637 1300 3718 pars
1311 3619 1435 3720 lynci

322 3750 404 3834 put,
423 3727 555 3812 aversa
566 3721 665 3808 verti
688 3724 846 3832 occiput
869 3727 1121 3806 nominatur:
1139 3744 1275 3834 partes
1301 3725 1432 3917 alape-

602 3865 635 3933 4
1327 3861 1361 3916 rr
1391 3864 1434 3924 us
