<?xml version="1.0" encoding="UTF-8"?>
<!DOCTYPE html PUBLIC "-//W3C//DTD XHTML 1.0 Transitional//EN"
    "http://www.w3.org/TR/xhtml1/DTD/xhtml1-transitional.dtd">
<html xmlns="http://www.w3.org/1999/xhtml" xml:lang="en" lang="en">
 <head>
  <title>
</title>
<meta http-equiv="Content-Type" content="text/html;charset=utf-8" />
  <meta name='ocr-system' content='tesseract 3.04.00' />
  <meta name='ocr-capabilities' content='ocr_page ocr_carea ocr_par ocr_line ocrx_word'/>
</head>
<body>
  <div class='ocr_page' id='page_1' title='image "./devesicaerenumq00rufugoog_0160.png"; bbox 0 0 3510 4830; ppageno 0'>
   <div class='ocr_carea' id='block_1_1' title="bbox 484 243 1330 384">
    <p class='ocr_par' dir='ltr' id='par_1_1' title="bbox 484 243 1330 384">
     <span class='ocr_line' id='line_1_1' title="bbox 484 243 1330 384; baseline 0.005 -32"><span class='ocrx_word' id='word_1_1' title='bbox 484 249 566 352; x_wconf 73' lang='lat' dir='ltr'>Da</span> <span class='ocrx_word' id='word_1_2' title='bbox 584 243 807 377; x_wconf 74' lang='lat' dir='ltr'>Partibus</span> <span class='ocrx_word' id='word_1_3' title='bbox 840 246 1059 384; x_wconf 70' lang='lat' dir='ltr'>Hominis.</span> <span class='ocrx_word' id='word_1_4' title='bbox 1261 278 1330 363; x_wconf 73' lang='grc' dir='ltr'>σο</span> 
     </span>
    </p>
   </div>
   <div class='ocr_carea' id='block_1_2' title="bbox 203 443 1323 779">
    <p class='ocr_par' dir='ltr' id='par_1_2' title="bbox 203 443 1323 779">
     <span class='ocr_line' id='line_1_2' title="bbox 211 443 1323 557; baseline 0.013 -32"><span class='ocrx_word' id='word_1_5' title='bbox 211 477 279 546; x_wconf 78' lang='lat' dir='ltr'>tta,</span> <span class='ocrx_word' id='word_1_6' title='bbox 302 456 340 533; x_wconf 71' lang='grc' dir='ltr'>δι</span> <span class='ocrx_word' id='word_1_7' title='bbox 380 452 548 535; x_wconf 67' lang='lat' dir='ltr'>arteria:</span> <span class='ocrx_word' id='word_1_8' title='bbox 598 443 788 553; x_wconf 64' lang='lat' dir='ltr'>equibus</span> <span class='ocrx_word' id='word_1_9' title='bbox 833 474 957 530; x_wconf 88' lang='lat' dir='ltr'>omne</span> <span class='ocrx_word' id='word_1_10' title='bbox 991 475 1131 557; x_wconf 87' lang='lat' dir='ltr'>corpus</span> <span class='ocrx_word' id='word_1_11' title='bbox 1161 453 1323 540; x_wconf 81' lang='lat' dir='ltr'>vasculis</span> 
     </span>
     <span class='ocr_line' id='line_1_3' title="bbox 206 561 1322 666; baseline 0.004 -23"><span class='ocrx_word' id='word_1_12' title='bbox 206 585 389 666; x_wconf 79' lang='lat' dir='ltr'>tanquam</span> <span class='ocrx_word' id='word_1_13' title='bbox 419 561 511 638; x_wconf 82' lang='lat' dir='ltr'>rivis</span> <span class='ocrx_word' id='word_1_14' title='bbox 543 563 812 640; x_wconf 80' lang='lat' dir='ltr'>emanantibus</span> <span class='ocrx_word' id='word_1_15' title='bbox 840 564 1031 664; x_wconf 83' lang='lat' dir='ltr'>irrigatur.</span> <span class='ocrx_word' id='word_1_16' title='bbox 1086 567 1322 649; x_wconf 77' lang='lat' dir='ltr'>Membrana</span> 
     </span>
     <span class='ocr_line' id='line_1_4' title="bbox 203 670 1313 779; baseline 0.01 -26"><span class='ocrx_word' id='word_1_17' title='bbox 203 694 384 779; x_wconf 74' lang='lat' dir='ltr'>preterea</span> <span class='ocrx_word' id='word_1_18' title='bbox 416 670 583 771; x_wconf 81' lang='lat' dir='ltr'>quadam</span> <span class='ocrx_word' id='word_1_19' title='bbox 610 696 680 751; x_wconf 90' lang='lat' dir='ltr'>cot</span> <span class='ocrx_word' id='word_1_20' title='bbox 710 677 833 752; x_wconf 86' lang='lat' dir='ltr'>veluti</span> <span class='ocrx_word' id='word_1_21' title='bbox 880 674 1099 778; x_wconf 88' lang='lat' dir='ltr'>sepimento</span> <span class='ocrx_word' id='word_1_22' title='bbox 1139 679 1313 764; x_wconf 81' lang='lat' dir='ltr'>vallatur,</span> 
     </span>
    </p>
   </div>
   <div class='ocr_carea' id='block_1_3' title="bbox 200 778 1452 898">
    <p class='ocr_par' dir='ltr' id='par_1_3' title="bbox 200 778 1452 898">
     <span class='ocr_line' id='line_1_5' title="bbox 200 778 1452 898; baseline 0.002 -35"><span class='ocrx_word' id='word_1_23' title='bbox 200 810 289 863; x_wconf 85' lang='lat' dir='ltr'>eam</span> <span class='ocrx_word' id='word_1_24' title='bbox 308 780 552 885; x_wconf 86' lang='lat' dir='ltr'>pericatdion</span> <span class='ocrx_word' id='word_1_25' title='bbox 587 778 717 860; x_wconf 81' lang='lat' dir='ltr'>Graeci</span> <span class='ocrx_word' id='word_1_26' title='bbox 749 787 972 876; x_wconf 86' lang='lat' dir='ltr'>nominant,</span> <span class='ocrx_word' id='word_1_27' title='bbox 1001 785 1218 878; x_wconf 81' lang='lat' dir='ltr'>nervosam,</span> <span class='ocrx_word' id='word_1_28' title='bbox 1259 798 1314 873; x_wconf 84' lang='lat' dir='ltr'>te·</span> <span class='ocrx_word' id='word_1_29' title='bbox 1442 883 1452 898; x_wconf 79' lang='lat'>,</span> 
     </span>
    </p>
   </div>
   <div class='ocr_carea' id='block_1_4' title="bbox 189 881 1314 2010">
    <p class='ocr_par' dir='ltr' id='par_1_4' title="bbox 189 881 1314 2010">
     <span class='ocr_line' id='line_1_6' title="bbox 198 881 1252 998; baseline 0.002 -26"><span class='ocrx_word' id='word_1_30' title='bbox 198 914 334 984; x_wconf 81' lang='lat' dir='ltr'>noem,</span> <span class='ocrx_word' id='word_1_31' title='bbox 366 881 559 990; x_wconf 71' lang='lat' dir='ltr'>motuque</span> <span class='ocrx_word' id='word_1_32' title='bbox 589 885 749 970; x_wconf 73' lang='lat' dir='ltr'>deorde</span> <span class='ocrx_word' id='word_1_33' title='bbox 767 893 959 974; x_wconf 80' lang='lat' dir='ltr'>transfuso</span> <span class='ocrx_word' id='word_1_34' title='bbox 985 895 1252 998; x_wconf 75' lang='lat' dir='ltr'>palpitantem</span> 
     </span>
     <span class='ocr_line' id='line_1_7' title="bbox 252 1000 1314 1110; baseline 0.008 -29"><span class='ocrx_word' id='word_1_35' title='bbox 252 1006 344 1083; x_wconf 77' lang='lat' dir='ltr'>Huc</span> <span class='ocrx_word' id='word_1_36' title='bbox 363 1001 503 1087; x_wconf 86' lang='lat' dir='ltr'>omnia</span> <span class='ocrx_word' id='word_1_37' title='bbox 516 1003 778 1106; x_wconf 63' lang='lat' dir='ltr'>complectens</span> <span class='ocrx_word' id='word_1_38' title='bbox 789 1000 918 1109; x_wconf 74' lang='lat' dir='ltr'>pedus</span> <span class='ocrx_word' id='word_1_39' title='bbox 946 1029 992 1084; x_wconf 82' lang='lat' dir='ltr'>cx</span> <span class='ocrx_word' id='word_1_40' title='bbox 1026 1004 1314 1110; x_wconf 66' lang='lat' dir='ltr'>cartilaginibus</span> 
     </span>
     <span class='ocr_line' id='line_1_8' title="bbox 197 1107 1310 1223; baseline 0.007 -31"><span class='ocrx_word' id='word_1_41' title='bbox 197 1115 465 1216; x_wconf 78' lang='lat' dir='ltr'>componitur,</span> <span class='ocrx_word' id='word_1_42' title='bbox 486 1131 601 1214; x_wconf 84' lang='lat' dir='ltr'>atquc</span> <span class='ocrx_word' id='word_1_43' title='bbox 619 1107 788 1192; x_wconf 80' lang='lat' dir='ltr'>ollibus:</span> <span class='ocrx_word' id='word_1_44' title='bbox 815 1140 898 1216; x_wconf 82' lang='lat' dir='ltr'>quoe</span> <span class='ocrx_word' id='word_1_45' title='bbox 920 1116 960 1194; x_wconf 92' lang='lat' dir='ltr'>in</span> <span class='ocrx_word' id='word_1_46' title='bbox 985 1115 1110 1210; x_wconf 82' lang='lat' dir='ltr'>costis,</span> <span class='ocrx_word' id='word_1_47' title='bbox 1135 1117 1310 1223; x_wconf 60' lang='lat' dir='ltr'>pedore·</span> 
     </span>
     <span class='ocr_line' id='line_1_9' title="bbox 193 1217 1309 1329; baseline 0.009 -28"><span class='ocrx_word' id='word_1_48' title='bbox 193 1226 224 1301; x_wconf 93' lang='lat' dir='ltr'>li</span> <span class='ocrx_word' id='word_1_49' title='bbox 248 1223 337 1316; x_wconf 81' lang='lat' dir='ltr'>offe,</span> <span class='ocrx_word' id='word_1_50' title='bbox 374 1240 491 1323; x_wconf 87' lang='lat' dir='ltr'>atquc</span> <span class='ocrx_word' id='word_1_51' title='bbox 530 1217 630 1301; x_wconf 79' lang='lat' dir='ltr'>dorsa</span> <span class='ocrx_word' id='word_1_52' title='bbox 658 1224 766 1328; x_wconf 87' lang='lat' dir='ltr'>spina</span> <span class='ocrx_word' id='word_1_53' title='bbox 797 1231 1067 1329; x_wconf 84' lang='lat' dir='ltr'>reperiuntur:</span> <span class='ocrx_word' id='word_1_54' title='bbox 1094 1251 1309 1311; x_wconf 83' lang='lat' dir='ltr'>nervorum</span> 
     </span>
     <span class='ocr_line' id='line_1_10' title="bbox 192 1327 1308 1440; baseline 0.007 -29"><span class='ocrx_word' id='word_1_55' title='bbox 192 1335 311 1411; x_wconf 87' lang='lat' dir='ltr'>etiam</span> <span class='ocrx_word' id='word_1_56' title='bbox 337 1327 589 1434; x_wconf 78' lang='lat' dir='ltr'>carniquue</span> <span class='ocrx_word' id='word_1_57' title='bbox 624 1337 811 1440; x_wconf 86' lang='lat' dir='ltr'>particeps</span> <span class='ocrx_word' id='word_1_58' title='bbox 841 1356 945 1415; x_wconf 84' lang='lat' dir='ltr'>extra</span> <span class='ocrx_word' id='word_1_59' title='bbox 972 1337 1174 1430; x_wconf 81' lang='lat' dir='ltr'>carnostus,</span> <span class='ocrx_word' id='word_1_60' title='bbox 1207 1343 1308 1419; x_wconf 88' lang='lat' dir='ltr'>inte·</span> 
     </span>
     <span class='ocr_line' id='line_1_11' title="bbox 192 1441 1306 1548; baseline 0.007 -28"><span class='ocrx_word' id='word_1_61' title='bbox 192 1449 270 1520; x_wconf 83' lang='lat' dir='ltr'>rius</span> <span class='ocrx_word' id='word_1_62' title='bbox 294 1441 502 1533; x_wconf 87' lang='lat' dir='ltr'>nervosum</span> <span class='ocrx_word' id='word_1_63' title='bbox 524 1444 603 1533; x_wconf 87' lang='lat' dir='ltr'>est:</span> <span class='ocrx_word' id='word_1_64' title='bbox 658 1470 734 1543; x_wconf 89' lang='lat' dir='ltr'>qua</span> <span class='ocrx_word' id='word_1_65' title='bbox 761 1451 879 1543; x_wconf 87' lang='lat' dir='ltr'>etiam</span> <span class='ocrx_word' id='word_1_66' title='bbox 909 1467 1015 1546; x_wconf 74' lang='lat' dir='ltr'>parte</span> <span class='ocrx_word' id='word_1_67' title='bbox 1056 1451 1306 1548; x_wconf 85' lang='lat' dir='ltr'>succingentc</span> 
     </span>
     <span class='ocr_line' id='line_1_12' title="bbox 193 1551 1304 1660; baseline 0.007 -32"><span class='ocrx_word' id='word_1_68' title='bbox 193 1552 420 1628; x_wconf 86' lang='lat' dir='ltr'>membrana</span> <span class='ocrx_word' id='word_1_69' title='bbox 431 1551 599 1628; x_wconf 80' lang='lat' dir='ltr'>vestitur.</span> <span class='ocrx_word' id='word_1_70' title='bbox 646 1552 907 1660; x_wconf 86' lang='lat' dir='ltr'>Interseptum</span> <span class='ocrx_word' id='word_1_71' title='bbox 925 1572 1069 1645; x_wconf 88' lang='lat' dir='ltr'>autem,</span> <span class='ocrx_word' id='word_1_72' title='bbox 1089 1552 1165 1636; x_wconf 77' lang='lat' dir='ltr'>sive</span> <span class='ocrx_word' id='word_1_73' title='bbox 1185 1559 1304 1635; x_wconf 85' lang='lat' dir='ltr'>trans-</span> 
     </span>
     <span class='ocr_line' id='line_1_13' title="bbox 193 1660 1301 1766; baseline 0.007 -28"><span class='ocrx_word' id='word_1_74' title='bbox 193 1660 346 1738; x_wconf 86' lang='lat' dir='ltr'>versum</span> <span class='ocrx_word' id='word_1_75' title='bbox 368 1660 518 1764; x_wconf 88' lang='lat' dir='ltr'>septum</span> <span class='ocrx_word' id='word_1_76' title='bbox 550 1662 753 1764; x_wconf 90' lang='lat' dir='ltr'>obliquum</span> <span class='ocrx_word' id='word_1_77' title='bbox 782 1665 938 1766; x_wconf 69' lang='lat' dir='ltr'>pectori,</span> <span class='ocrx_word' id='word_1_78' title='bbox 971 1688 1046 1766; x_wconf 89' lang='lat' dir='ltr'>qua</span> <span class='ocrx_word' id='word_1_79' title='bbox 1084 1665 1191 1744; x_wconf 81' lang='lat' dir='ltr'>costae</span> <span class='ocrx_word' id='word_1_80' title='bbox 1215 1667 1301 1746; x_wconf 89' lang='lat' dir='ltr'>fini·</span> 
     </span>
     <span class='ocr_line' id='line_1_14' title="bbox 192 1769 1300 1882; baseline 0.012 -35"><span class='ocrx_word' id='word_1_81' title='bbox 192 1790 322 1860; x_wconf 86' lang='lat' dir='ltr'>untur,</span> <span class='ocrx_word' id='word_1_82' title='bbox 350 1769 591 1861; x_wconf 70' lang='lat' dir='ltr'>subtenditur</span> <span class='ocrx_word' id='word_1_83' title='bbox 620 1801 630 1848; x_wconf 75' lang='grc' dir='ltr'><strong><em>ι</em></strong></span> <span class='ocrx_word' id='word_1_84' title='bbox 660 1775 703 1849; x_wconf 92' lang='lat' dir='ltr'>id</span> <span class='ocrx_word' id='word_1_85' title='bbox 722 1778 775 1865; x_wconf 79' lang='lat' dir='ltr'>ita</span> <span class='ocrx_word' id='word_1_86' title='bbox 799 1795 982 1864; x_wconf 78' lang='lat' dir='ltr'>vocatum</span> <span class='ocrx_word' id='word_1_87' title='bbox 1002 1774 1065 1869; x_wconf 80' lang='lat' dir='ltr'>cli,</span> <span class='ocrx_word' id='word_1_88' title='bbox 1093 1777 1201 1876; x_wconf 89' lang='lat' dir='ltr'>quod</span> <span class='ocrx_word' id='word_1_89' title='bbox 1228 1780 1300 1882; x_wconf 53' lang='lat' dir='ltr'>viss</span> 
     </span>
     <span class='ocr_line' id='line_1_15' title="bbox 189 1882 1243 2010; baseline 0.009 -49"><span class='ocrx_word' id='word_1_90' title='bbox 189 1904 274 2010; x_wconf 66' lang='lat' dir='ltr'>fera</span> <span class='ocrx_word' id='word_1_91' title='bbox 289 1883 335 1961; x_wconf 84' lang='lat' dir='ltr'>in</span> <span class='ocrx_word' id='word_1_92' title='bbox 347 1882 502 1987; x_wconf 72' lang='lat' dir='ltr'>pedore</span> <span class='ocrx_word' id='word_1_93' title='bbox 516 1882 644 1972; x_wconf 68' lang='lat' dir='ltr'>abdita</span> <span class='ocrx_word' id='word_1_94' title='bbox 667 1884 716 1974; x_wconf 73' lang='lat' dir='ltr'>ab</span> <span class='ocrx_word' id='word_1_95' title='bbox 747 1882 993 1972; x_wconf 72' lang='lat' dir='ltr'>inferioribus</span> <span class='ocrx_word' id='word_1_96' title='bbox 1029 1887 1243 1993; x_wconf 72' lang='lat' dir='ltr'>intersepit,</span> 
     </span>
    </p>
   </div>
   <div class='ocr_carea' id='block_1_5' title="bbox 369 2320 1043 2485">
    <p class='ocr_par' dir='ltr' id='par_1_5' title="bbox 369 2320 1043 2485">
     <span class='ocr_line' id='line_1_16' title="bbox 369 2320 1043 2485; baseline 0.007 -64"><span class='ocrx_word' id='word_1_97' title='bbox 369 2475 374 2485; x_wconf 17' lang='grc' dir='ltr'>ι</span> <span class='ocrx_word' id='word_1_98' title='bbox 431 2323 512 2422; x_wconf 88' lang='lat' dir='ltr'>De</span> <span class='ocrx_word' id='word_1_99' title='bbox 536 2321 659 2434; x_wconf 75' lang='lat' dir='ltr'>Gulcl</span> <span class='ocrx_word' id='word_1_100' title='bbox 694 2320 756 2433; x_wconf 53' lang='grc' dir='ltr'>ὅδ’</span> <span class='ocrx_word' id='word_1_101' title='bbox 776 2323 1043 2426; x_wconf 73' lang='lat' dir='ltr'>Ventricuh.</span> 
     </span>
    </p>
   </div>
   <div class='ocr_carea' id='block_1_6' title="bbox 171 2670 1366 4073">
    <p class='ocr_par' dir='ltr' id='par_1_6' title="bbox 329 2670 1289 2780">
     <span class='ocr_line' id='line_1_17' title="bbox 329 2670 1289 2780; baseline 0.005 -29"><span class='ocrx_word' id='word_1_102' title='bbox 329 2670 595 2776; x_wconf 80' lang='lat' dir='ltr'>Superioribus</span> <span class='ocrx_word' id='word_1_103' title='bbox 620 2674 738 2773; x_wconf 81' lang='lat' dir='ltr'>igitur</span> <span class='ocrx_word' id='word_1_104' title='bbox 762 2675 934 2776; x_wconf 84' lang='lat' dir='ltr'>corporis</span> <span class='ocrx_word' id='word_1_105' title='bbox 949 2673 1128 2777; x_wconf 81' lang='lat' dir='ltr'>pambus,</span> <span class='ocrx_word' id='word_1_106' title='bbox 1152 2685 1289 2780; x_wconf 60' lang='lat' dir='ltr'>quemi</span> 
     </span>
    </p>

    <p class='ocr_par' dir='ltr' id='par_1_7' title="bbox 171 2781 1366 4073">
     <span class='ocr_line' id='line_1_18' title="bbox 327 2781 1291 2892; baseline 0.005 -30"><span class='ocrx_word' id='word_1_107' title='bbox 327 2783 541 2863; x_wconf 88' lang='lat' dir='ltr'>admodum</span> <span class='ocrx_word' id='word_1_108' title='bbox 564 2782 673 2885; x_wconf 89' lang='lat' dir='ltr'>supra</span> <span class='ocrx_word' id='word_1_109' title='bbox 689 2785 906 2876; x_wconf 81' lang='lat' dir='ltr'>retulimus,</span> <span class='ocrx_word' id='word_1_110' title='bbox 933 2781 1046 2865; x_wconf 79' lang='lat' dir='ltr'>simul</span> <span class='ocrx_word' id='word_1_111' title='bbox 1065 2808 1158 2865; x_wconf 84' lang='lat' dir='ltr'>cum</span> <span class='ocrx_word' id='word_1_112' title='bbox 1183 2790 1291 2892; x_wconf 85' lang='lat' dir='ltr'>aspe-</span> 
     </span>
     <span class='ocr_line' id='line_1_19' title="bbox 180 2886 1289 3002; baseline 0.005 -29"><span class='ocrx_word' id='word_1_113' title='bbox 180 2920 220 2973; x_wconf 85' lang='lat' dir='ltr'>ra</span> <span class='ocrx_word' id='word_1_114' title='bbox 247 2897 383 2973; x_wconf 87' lang='lat' dir='ltr'>arteria</span> <span class='ocrx_word' id='word_1_115' title='bbox 399 2893 599 2984; x_wconf 87' lang='lat' dir='ltr'>enascitur,</span> <span class='ocrx_word' id='word_1_116' title='bbox 622 2886 952 2998; x_wconf 75' lang='lat' dir='ltr'>secusqueipsam</span> <span class='ocrx_word' id='word_1_117' title='bbox 970 2898 1061 2998; x_wconf 80' lang='lat' dir='ltr'>gula</span> <span class='ocrx_word' id='word_1_118' title='bbox 1091 2901 1289 3002; x_wconf 85' lang='lat' dir='ltr'>protendi·</span> 
     </span>
     <span class='ocr_line' id='line_1_20' title="bbox 180 3005 1287 3111; baseline 0.003 -24"><span class='ocrx_word' id='word_1_119' title='bbox 180 3024 254 3097; x_wconf 90' lang='lat' dir='ltr'>tur,</span> <span class='ocrx_word' id='word_1_120' title='bbox 285 3007 335 3083; x_wconf 86' lang='lat' dir='ltr'>ab</span> <span class='ocrx_word' id='word_1_121' title='bbox 373 3005 519 3084; x_wconf 86' lang='lat' dir='ltr'>eisdem</span> <span class='ocrx_word' id='word_1_122' title='bbox 544 3007 681 3105; x_wconf 88' lang='lat' dir='ltr'>utique</span> <span class='ocrx_word' id='word_1_123' title='bbox 700 3006 871 3111; x_wconf 86' lang='lat' dir='ltr'>partibus</span> <span class='ocrx_word' id='word_1_124' title='bbox 898 3009 1097 3110; x_wconf 83' lang='lat' dir='ltr'>incipiens,</span> <span class='ocrx_word' id='word_1_125' title='bbox 1137 3035 1223 3091; x_wconf 87' lang='lat' dir='ltr'>non</span> <span class='ocrx_word' id='word_1_126' title='bbox 1242 3007 1287 3090; x_wconf 82' lang='lat' dir='ltr'>st·</span> 
     </span>
     <span class='ocr_line' id='line_1_21' title="bbox 178 3111 1284 3217; baseline 0.004 -26"><span class='ocrx_word' id='word_1_127' title='bbox 178 3119 326 3195; x_wconf 87' lang='lat' dir='ltr'>militer</span> <span class='ocrx_word' id='word_1_128' title='bbox 356 3135 487 3195; x_wconf 84' lang='lat' dir='ltr'>autem</span> <span class='ocrx_word' id='word_1_129' title='bbox 523 3111 708 3193; x_wconf 78' lang='lat' dir='ltr'>desinens.</span> <span class='ocrx_word' id='word_1_130' title='bbox 766 3119 856 3199; x_wconf 72' lang='lat' dir='ltr'>Hac</span> <span class='ocrx_word' id='word_1_131' title='bbox 899 3118 1000 3193; x_wconf 79' lang='lat' dir='ltr'>tubae</span> <span class='ocrx_word' id='word_1_132' title='bbox 1029 3121 1199 3217; x_wconf 75' lang='lat' dir='ltr'>imagine</span> <span class='ocrx_word' id='word_1_133' title='bbox 1238 3121 1284 3195; x_wconf 82' lang='lat' dir='ltr'>fi·</span> 
     </span>
     <span class='ocr_line' id='line_1_22' title="bbox 175 3224 1366 3331; baseline -0.003 -31"><span class='ocrx_word' id='word_1_134' title='bbox 175 3249 311 3331; x_wconf 85' lang='lat' dir='ltr'>goram</span> <span class='ocrx_word' id='word_1_135' title='bbox 335 3224 592 3329; x_wconf 90' lang='lat' dir='ltr'>amplitudine</span> <span class='ocrx_word' id='word_1_136' title='bbox 628 3227 757 3317; x_wconf 81' lang='lat' dir='ltr'>refert,</span> <span class='ocrx_word' id='word_1_137' title='bbox 798 3227 921 3327; x_wconf 81' lang='lat' dir='ltr'>supra&#39;</span> <span class='ocrx_word' id='word_1_138' title='bbox 939 3224 1143 3326; x_wconf 70' lang='lat' dir='ltr'>angustior,</span> <span class='ocrx_word' id='word_1_139' title='bbox 1183 3226 1287 3307; x_wconf 86' lang='lat' dir='ltr'>infra</span> <span class='ocrx_word' id='word_1_140' title='bbox 1363 3292 1366 3297; x_wconf 87' lang='lat'>.</span> 
     </span>
     <span class='ocr_line' id='line_1_23' title="bbox 179 3332 1284 3439; baseline 0.006 -27"><span class='ocrx_word' id='word_1_141' title='bbox 179 3332 287 3427; x_wconf 79' lang='lat' dir='ltr'>verb,</span> <span class='ocrx_word' id='word_1_142' title='bbox 321 3334 397 3433; x_wconf 75' lang='lat' dir='ltr'>qut</span> <span class='ocrx_word' id='word_1_143' title='bbox 413 3360 505 3415; x_wconf 90' lang='lat' dir='ltr'>cum</span> <span class='ocrx_word' id='word_1_144' title='bbox 531 3334 753 3411; x_wconf 79' lang='lat' dir='ltr'>ventriculo</span> <span class='ocrx_word' id='word_1_145' title='bbox 783 3337 1056 3425; x_wconf 82' lang='lat' dir='ltr'>committitur,</span> <span class='ocrx_word' id='word_1_146' title='bbox 1083 3341 1284 3439; x_wconf 75' lang='lat' dir='ltr'>capaciora</span> 
     </span>
     <span class='ocr_line' id='line_1_24' title="bbox 174 3446 1278 3550; baseline -0.004 -28"><span class='ocrx_word' id='word_1_147' title='bbox 174 3446 254 3524; x_wconf 92' lang='lat' dir='ltr'>hoc</span> <span class='ocrx_word' id='word_1_148' title='bbox 286 3450 428 3550; x_wconf 83' lang='lat' dir='ltr'>quippe</span> <span class='ocrx_word' id='word_1_149' title='bbox 445 3447 612 3526; x_wconf 88' lang='lat' dir='ltr'>nomine</span> <span class='ocrx_word' id='word_1_150' title='bbox 639 3446 959 3549; x_wconf 77' lang='lat' dir='ltr'>superinruenter</span> <span class='ocrx_word' id='word_1_151' title='bbox 977 3464 1113 3524; x_wconf 80' lang='lat' dir='ltr'>natura</span> <span class='ocrx_word' id='word_1_152' title='bbox 1133 3470 1278 3527; x_wconf 83' lang='lat' dir='ltr'>nervo.</span> 
     </span>
     <span class='ocr_line' id='line_1_25' title="bbox 175 3552 1285 3664; baseline 0.008 -33"><span class='ocrx_word' id='word_1_153' title='bbox 175 3556 235 3632; x_wconf 87' lang='lat' dir='ltr'>sus</span> <span class='ocrx_word' id='word_1_154' title='bbox 261 3577 417 3635; x_wconf 87' lang='lat' dir='ltr'>vocatus</span> <span class='ocrx_word' id='word_1_155' title='bbox 451 3557 523 3635; x_wconf 88' lang='lat' dir='ltr'>est:</span> <span class='ocrx_word' id='word_1_156' title='bbox 557 3580 720 3635; x_wconf 84' lang='lat' dir='ltr'>munere</span> <span class='ocrx_word' id='word_1_157' title='bbox 759 3576 891 3636; x_wconf 83' lang='lat' dir='ltr'>autem</span> <span class='ocrx_word' id='word_1_158' title='bbox 928 3553 1015 3635; x_wconf 80' lang='lat' dir='ltr'>licei</span> <span class='ocrx_word' id='word_1_159' title='bbox 1054 3552 1285 3664; x_wconf 80' lang='lat' dir='ltr'>humidique</span> 
     </span>
     <span class='ocr_line' id='line_1_26' title="bbox 174 3665 1279 3773; baseline 0.001 -29"><span class='ocrx_word' id='word_1_160' title='bbox 174 3667 353 3744; x_wconf 89' lang='lat' dir='ltr'>alimenti</span> <span class='ocrx_word' id='word_1_161' title='bbox 389 3666 601 3746; x_wconf 86' lang='lat' dir='ltr'>devorandi</span> <span class='ocrx_word' id='word_1_162' title='bbox 631 3669 721 3770; x_wconf 86' lang='lat' dir='ltr'>gula</span> <span class='ocrx_word' id='word_1_163' title='bbox 742 3665 942 3773; x_wconf 83' lang='lat' dir='ltr'>fungitur:</span> <span class='ocrx_word' id='word_1_164' title='bbox 987 3673 1096 3765; x_wconf 80' lang='lat' dir='ltr'>cujus</span> <span class='ocrx_word' id='word_1_165' title='bbox 1115 3692 1279 3748; x_wconf 82' lang='lat' dir='ltr'>examen</span> 
     </span>
     <span class='ocr_line' id='line_1_27' title="bbox 172 3771 1279 3880; baseline 0.004 -29"><span class='ocrx_word' id='word_1_166' title='bbox 172 3779 251 3879; x_wconf 90' lang='lat' dir='ltr'>ipsa</span> <span class='ocrx_word' id='word_1_167' title='bbox 286 3771 505 3856; x_wconf 80' lang='lat' dir='ltr'>acutilstmo</span> <span class='ocrx_word' id='word_1_168' title='bbox 534 3778 643 3857; x_wconf 89' lang='lat' dir='ltr'>sensu</span> <span class='ocrx_word' id='word_1_169' title='bbox 669 3780 822 3880; x_wconf 72' lang='lat' dir='ltr'>predita</span> <span class='ocrx_word' id='word_1_170' title='bbox 857 3779 961 3858; x_wconf 88' lang='lat' dir='ltr'>facit.</span> <span class='ocrx_word' id='word_1_171' title='bbox 1029 3779 1279 3858; x_wconf 79' lang='lat' dir='ltr'>Ventriculus</span> 
     </span>
     <span class='ocr_line' id='line_1_28' title="bbox 171 3884 1277 4072; baseline -0.001 -110"><span class='ocrx_word' id='word_1_172' title='bbox 171 3891 298 3992; x_wconf 81' lang='lat' dir='ltr'>itaque</span> <span class='ocrx_word' id='word_1_173' title='bbox 334 3885 356 3969; x_wconf 78' lang='lat' dir='ltr'>l</span> <span class='ocrx_word' id='word_1_174' title='bbox 400 3884 492 3994; x_wconf 77' lang='lat' dir='ltr'>guli</span> <span class='ocrx_word' id='word_1_175' title='bbox 521 3892 696 3970; x_wconf 81' lang='lat' dir='ltr'>exoriens</span> <span class='ocrx_word' id='word_1_176' title='bbox 722 3890 791 3968; x_wconf 85' lang='lat' dir='ltr'>sub</span> <span class='ocrx_word' id='word_1_177' title='bbox 827 3890 962 3968; x_wconf 86' lang='lat' dir='ltr'>medio</span> <span class='ocrx_word' id='word_1_178' title='bbox 987 3887 1200 4072; x_wconf 59' lang='lat' dir='ltr'>interseplto</span> <span class='ocrx_word' id='word_1_179' title='bbox 1228 3887 1277 3961; x_wconf 87' lang='lat' dir='ltr'>ad</span> 
     </span>
     <span class='ocr_line' id='line_1_29' title="bbox 199 4009 1277 4073; baseline 0.001 -3"><span class='ocrx_word' id='word_1_180' title='bbox 199 4009 202 4013; x_wconf 84' lang='grc'><strong><em>·</em></strong></span> <span class='ocrx_word' id='word_1_181' title='bbox 310 4041 313 4047; x_wconf 93' lang='grc'>-</span> <span class='ocrx_word' id='word_1_182' title='bbox 575 4046 578 4051; x_wconf 31' lang='lat'><strong>⁴</strong></span> <span class='ocrx_word' id='word_1_183' title='bbox 1158 4015 1277 4073; x_wconf 77' lang='lat' dir='ltr'>evam</span> 
     </span>
    </p>
   </div>
   <div class='ocr_carea' id='block_1_7' title="bbox 0 0 1760 4830">
    <p class='ocr_par' dir='ltr' id='par_1_8' title="bbox 0 0 1760 4830">
     <span class='ocr_line' id='line_1_30' title="bbox 0 0 1760 4830; baseline 0 7"><span class='ocrx_word' id='word_1_184' title='bbox 0 0 1760 4830; x_wconf 95' lang='lat' dir='ltr'> </span> 
     </span>
    </p>
   </div>
  </div>
 </body>
</html>
