3510 4830
359 280 420 350 12
657 240 849 347 Rusti
891 237 1149 349 Ennian-

349 421 510 516 curbita,
533 422 664 507 cobus
683 430 868 521 cucumis,
898 433 937 510 &
963 431 1107 512 lailuca
1132 426 1263 508 corta:
1294 429 1464 536 prodest:

347 558 426 638 que
449 535 548 615 nihil
572 536 736 615 crudum
758 536 976 620 comedere.
1034 543 1125 620 Haec
1146 560 1276 619 tutem
1304 545 1343 619 &
1368 563 1463 620 ven·

346 663 449 725 trem
464 649 604 726 leniter
621 646 853 743 subducunt,
879 657 918 731 ὅ(
942 650 1125 730 hebetant
1147 652 1346 729 urinarum
1365 652 1461 732 acri·

347 761 551 837 moniam:
584 776 701 859 atque
718 760 762 835 in
785 759 959 861 proceisu
981 766 1060 858 jam
1083 762 1130 837 ad
1148 761 1309 861 plenum
1337 764 1460 839 extin-

347 866 418 946 ctis
448 868 618 946 febrium
648 865 860 964 ardoribus,
901 872 941 949 δε
970 892 1133 977 corpote
1152 868 1311 980 refello,
1339 870 1462 973 carni:

347 977 419 1058 bus
444 981 573 1060 cibare
596 978 807 1082 oportebit.
1254 976 1256 979 ’

722 1197 933 1298 ΟΑΡυτ
981 1199 1112 1301 XIV.

744 1443 823 1546 De
853 1441 1082 1547 Carnibus.

442 1691 570 1772 Arnes
592 1690 634 1773 in
657 1693 737 1774 hoe
760 1695 906 1773 morbo
931 1693 1051 1772 laudo
1081 1691 1304 1786 hoedorum,
1334 1697 1460 1797 agno}

467 1827 568 1895 rum,
589 1825 747 1883 carnem
758 1802 912 1882 suillam
923 1803 1062 1907 probo,
1093 1824 1179 1879 aves
1202 1804 1376 1895 tenellas,
1410 1829 1458 1885 ex

339 1915 507 2018 piscibus
543 1913 719 1994 saxatiles
749 1912 893 2008 coetos,
926 1914 1026 2016 quin
1067 1915 1106 1990 bc
1129 1910 1334 2013 squatinas,
1359 1917 1456 1992 raias

340 2027 459 2122 leves,
485 2026 723 2133 torpedines,
752 2029 792 2106 δι
815 2041 948 2106 cetera
962 2023 1002 2103 id
1018 2044 1140 2126 genus
1162 2021 1456 2128 chartilagineog

340 2154 442 2216 mm.

699 2359 914 2450 Cnnur
954 2351 1067 2453 XV.

652 2596 734 2697 De
750 2578 951 2719 secundi
969 2592 1151 2721 Mensd.

437 2847 474 2926 T
503 2835 639 2940 siquid
661 2838 705 2918 in
720 2842 846 2940 longo
869 2844 1012 2920 morbo
1032 2840 1200 2919 bellariis
1218 2865 1316 2945 opus
1335 2844 1394 2940 fit,
1431 2876 1453 2932 a

463 2954 607 3049 carycis
640 2947 923 3042 abstinendum,
960 2951 1154 3028 ulceribus
1186 2956 1295 3029 enim
1320 2955 1451 3040 adver.

334 3065 492 3159 santur3
510 3057 747 3140 vescendum
763 3053 860 3138 vero
879 3060 1032 3162 palmis,
1058 3061 1223 3142 nucibus
1251 3063 1449 3164 atellanis,

333 3175 500 3257 strobilis
524 3175 565 3250 &
586 3193 659 3250 uva
687 3167 817 3273 para:
847 3169 1048 3272 amygdala
1065 3174 1184 3252 etiam
1205 3171 1299 3250 rosta
1325 3173 1452 3263 danda

333 3286 423 3364 sunt
443 3308 493 3362 ex
513 3281 644 3374 melle,
663 3283 879 3385 vinumque
902 3280 1117 3364 bibendum
1138 3281 1272 3360 mellei
1291 3285 1447 3367 coloris.

331 3394 507 3473 Acetum
528 3410 660 3470 aurem
686 3407 803 3490 atque
825 3414 990 3469 omnem
1025 3389 1286 3495 salsilaginem,
1310 3398 1352 3475 in
1377 3420 1447 3500 po

331 3504 626 3603 colentisatqne
647 3495 852 3580 esculentis
873 3504 994 3597 juxta,
1015 3505 1137 3582 vitare
1157 3524 1327 3608 oportet.
1355 3508 1447 3591 Haec

330 3617 449 3720 igitur
478 3613 566 3693 sunt
588 3631 741 3702 eorum,
769 3611 910 3713 quibus
931 3636 1042 3693 renes
1063 3613 1213 3707 dolent,
1244 3617 1446 3723 pulmenta

330 3729 374 3806 δι
396 3725 537 3806 edulia.
584 3720 706 3833 Quod
724 3739 855 3802 autem
872 3720 920 3800 ad
941 3722 1228 3827 reliquamvitae
1248 3730 1444 3808 rationem

330 3836 485 3935 suiset,
504 3833 661 3951 confert
686 3826 854 3951 minimi
883 3832 1141 3950 festinantem,
1165 3835 1231 3919 sed
1262 3829 1368 3918 tarde
1389 3858 1445 3920 at·

1357 3969 1437 4051 que
