3510 4830
838 220 984 362 (9)

348 418 467 498 initio
485 415 615 495 morbi
640 407 769 492 bisuti
792 414 945 495 auxiliis
967 416 1225 526 negligimus)
1248 420 1276 502 sr
1296 428 1384 530 quis
1396 432 1460 513 ue·¹

346 534 437 608 nam
453 529 565 619 secet,
589 520 689 606 adeo
704 527 1123 627 nonaegrosubveniet‚
1144 539 1456 639 utmtgisadbuc

341 644 441 720 vires
466 637 676 739 infringam
720 637 764 713 in
791 635 869 715 hoc
889 639 1005 742 igitur
1026 662 1157 720 rerum
1178 643 1287 739 statu,
1310 647 1451 734 νήια.

340 755 452 831 toriis
494 754 533 827 δι
560 746 716 848 sputum
748 749 997 828 moventibus
1027 750 1216 856 precipui:
1243 758 1445 841 confiden-

338 858 513 951 domest,
539 878 621 958 quo
636 874 770 932 tamen
792 855 937 933 ultimo
948 860 1123 938 remedio
1135 859 1222 943 rarb
1234 867 1448 954 admodum

340 973 574 1075 indigemus,
621 958 649 1039 sr
672 966 774 1041 inter
804 965 916 1043 initia
933 967 1085 1069 sanguis
1108 967 1307 1054 liberrime
1321 977 1449 1062 derra.

336 1082 462 1163 hatur.
519 1076 577 1155 At
592 1065 708 1167 vero,
729 1068 820 1152 cirm
848 1074 967 1153 semel
998 1080 1205 1159 invaluerit
1225 1083 1445 1185 obstruam,

336 1216 453 1274 cruor
477 1195 577 1268 intra
603 1186 841 1292 pulmonum
860 1185 1012 1268 vascula
1029 1190 1072 1267 in
1101 1213 1172 1293 pus
1191 1201 1444 1294 convertitur,

333 1305 441 1407 quod
474 1302 655 1400 deinceps
693 1294 909 1376 eorundem
955 1297 1179 1401 diruptione
1222 1301 1443 1409 exspuitur,

332 1410 402 1491 nist
424 1410 697 1491 concretiones
722 1405 936 1512 sanguineo
954 1406 1222 1490 cantharidum
1248 1414 1325 1494 sale
1349 1421 1439 1500 citi·

332 1548 378 1602 us
399 1518 654 1600 dissolvuntur
672 1510 790 1616 quim
811 1518 856 1593 in
873 1517 1079 1597 abscessum
1101 1523 1292 1600 venerint.
1429 1508 1439 1525 ’

382 1679 613 1763 Mirandum
631 1668 721 1752 sane
742 1670 807 1766 est,
852 1668 961 1776 qubd
991 1669 1217 1758 clarissimus
1244 1674 1442 1781 Sydenha·¹

330 1817 414 1874 mus
438 1788 687 1871 vesrcsntium
716 1784 827 1863 usum
861 1786 904 1862 in
939 1786 1053 1882 hujus
1074 1789 1206 1869 morbi
1236 1795 1439 1875 curatione

327 1895 498 1985 omninb
543 1890 744 1998 nunquam
779 1896 964 1995 attigerit,
1002 1900 1033 1973 is
1062 1891 1158 1977 verb
1194 1923 1280 1978 rem
1310 1920 1439 1985 totam

324 2011 594 2096 venaesedioni
619 2006 870 2082 committere
895 2005 1060 2097 videtur,
1098 2007 1148 2082 de
1178 2010 1262 2084 aliis
1293 2033 1438 2112 nequa·

324 2117 446 2227 quim
464 2115 674 2200 sollicitus,-
704 2101 797 2187 crini
816 2128 952 2189 tamen
980 2112 1048 2189 iila
1071 2115 1167 2191 citra
1186 2113 1300 2214 hujus
1316 2141 1436 2226 opem

323 2227 459 2342 parium
475 2227 601 2307 valere
623 2209 929 2322 frequennssimb
948 2221 1157 2303 videamus.

375 2406 498 2488 Multi
511 2401 673 2507 quidem
693 2393 887 2489 authores,
913 2393 1055 2499 quide
1079 2395 1288 2502 pleuritide
1312 2393 1432 2481 fusius

320 2517 579 2604 commentati
610 2510 712 2598 sunt,
741 2501 835 2584 cum
853 2505 902 2583 de
934 2504 1120 2585 medendi
1136 2510 1290 2587 ratione
1309 2512 1429 2592 verba

317 2634 481 2718 faciunt,
508 2637 673 2699 omnem
700 2609 780 2688 fere
799 2613 1036 2688 medicinam
1064 2616 1113 2688 ad
1141 2616 1249 2711 sputa
1271 2620 1428 2697 elicien.

319 2743 368 2821 da
383 2740 570 2838 dirigunt,
609 2712 778 2822 idebque
801 2714 936 2795 oleosa
970 2723 1009 2796 δι
1038 2716 1323 2800 medicamenta
1341 2745 1429 2825 pec.

317 2849 453 2931 torsh'a
485 2824 743 2939 coprofiffimb
774 2834 970 2930 ingerunt,
1010 2851 1094 2929 qun
1129 2828 1260 2908 nullus
1286 2831 1427 2914 dubito

315 2963 411 3065 quin
430 2937 626 3056 snpissimb
646 2938 969 3021 decumbentibus
991 2959 1139 3017 noxam
1171 2937 1273 3018 haud
1294 2943 1426 3023 levem

315 3070 497 3154 inserant,
528 3053 622 3138 cirm
638 3072 681 3130 ut
695 3066 711 3103 ⁸
726 3051 798 3130 Vir
816 3040 1067 3128 Doctiffimus
1083 3046 1234 3152 optime
1248 3050 1426 3150 advertit,
1542 3078 1545 3083 ·

313 3186 358 3263 in
399 3165 563 3278 simplici
603 3158 808 3270 pleuritide
846 3151 1107 3264 sepenumero
1146 3157 1247 3236 nihil
1286 3183 1424 3257 coeat,

312 3270 424 3398 quod
452 3279 585 3384 exspui
622 3272 785 3358 debeat3
808 3292 936 3368 neque
968 3263 1159 3347 sidebeat
1189 3263 1270 3348 stne
1301 3274 1429 3380 perip3

312 3395 536 3484 neumoniae
559 3393 797 3473 interventu,
821 3377 969 3457 sursum
992 3379 1148 3457 evocari
1165 3372 1295 3483 poffit.

314 3685 326 3696 υ
369 3579 511 3677 Neque
527 3564 814 3650 lraecmedicina
840 3563 883 3639 in
903 3555 1052 3637 morbis
1078 3554 1274 3661 predidis,
1303 3579 1425 3663 quant

304 3827 335 3906 '2
456 3819 472 3850 ³
492 3806 603 3875 Friend
626 3803 805 3875 eorumne.
825 3799 864 3868 de
880 3798 1070 3884 excreatione
1092 3792 1262 3880 purulenti.

875 3932 897 3988 a
1302 3901 1432 3984 vario·
