3510 4830
449 310 521 400 ·5r
770 269 959 368 Rutat
1003 272 1255 366 Enuastr

465 481 509 535 ac
529 452 682 557 pollicis
707 453 845 530 thenar
874 451 936 527 est.
993 452 1243 551 Hippocrates
1272 463 1402 524 autem
1435 461 1569 530 tolum

462 566 568 642 hunc
581 565 715 641 locum
741 562 876 640 thenat
908 559 1105 662 appellall'e
1142 558 1241 636 viliis
1268 556 1341 635 est:
1368 576 1436 666 qu,¹
1470 557 1575 671 apud

462 670 633 757 Latinos
655 668 753 752 volae
777 696 908 751 nomen
932 665 1060 748 habet.

516 785 556 863 A
580 787 720 884 jugulis
751 803 882 859 autem
907 785 949 857 in
970 799 1083 881 parte
1111 782 1230 880 priori
1255 779 1383 881 pedus
1409 800 1453 855 ac
1479 779 1567 859 ster-

462 919 548 975 non
575 894 636 972 ell.
693 897 869 994 Tergum
894 884 989 968 vetd
1027 889 1209 993 posterius
1238 883 1259 962 d
1286 894 1435 966 cervice
1459 895 1570 990 poni-

445 1026 537 1085 tur.
591 1005 748 1081 Deinde
766 1003 874 1104 quod
899 1001 1094 1103 appellant
1108 995 1406 1099 metaphrenon,
1431 1000 1569 1081 hocest

463 1140 547 1218 pars
584 1110 605 1189 ‘e
631 1119 791 1215 regione
814 1113 910 1212 septi
929 1104 1071 1210 posita:
1108 1108 1317 1208 sequuntur
1336 1110 1461 1187 lumbi
1486 1129 1570 1211 pars

462 1219 562 1304 dorsa
587 1225 739 1302 infima:
770 1228 812 1299 in
831 1220 985 1325 pedore
1013 1222 1178 1296 carnos-a
1206 1220 1428 1296 eminentiae
1446 1244 1570 1298 mam-

461 1358 533 1414 mae
549 1334 649 1425 sunt,
669 1356 832 1435 quatum
849 1329 1180 1431 summapapillar:
1209 1346 1355 1420 totum,
1379 1327 1486 1428 quod
1498 1329 1569 1410 sub

456 1445 523 1521 ¹ala
544 1445 727 1520 deorsum
751 1443 880 1519 versus
900 1440 1157 1541 protenditur,
1172 1439 1270 1515 latus
1290 1438 1354 1528 est,
1372 1438 1449 1516 olla
1461 1439 1569 1518 collar

460 1558 500 1634 ἀ
519 1551 679 1656 spathae:
712 1575 876 1652 quarum
912 1551 1044 1650 primae
1067 1551 1169 1623 inter
1195 1547 1233 1624 se
1266 1551 1569 1630 committuntur

461 1664 511 1738 ad
539 1667 753 1739 terminum
792 1654 894 1748 offla,
927 1658 1036 1759 quod
1064 1655 1192 1735 Graeci
1221 1656 1391 1748 sternon,
1425 1653 1570 1739 Latini

457 1767 681 1878 ospelloris
702 1785 929 1871 nuncupant
957 1796 966 1842 :
1002 1791 1078 1867 qua
1106 1789 1174 1843 eor
1201 1760 1316 1844 fitum
1348 1767 1426 1858 cst,
1454 1768 1568 1869 phre-

459 1903 530 1960 nes
565 1900 776 1965 vocantur,
805 1878 924 1981 aliqui
955 1876 1222 1980 procatdiam‚
1263 1871 1366 1976 quast
1387 1896 1476 1956 ante
1500 1904 1569 1959 cor

460 1987 644 2095 positum,
662 1994 782 2092 aliqui
798 2015 866 2068 eor
892 1991 1127 2065 nominant:
1163 1984 1245 2086 poll
1264 1988 1389 2088 ipsum
1404 1988 1456 2065 cst
1478 2015 1568 2069 ven·

465 2105 596 2182 trieuli
627 2104 791 2182 ollium:
829 2105 929 2178 inter
952 2098 1070 2176 costas
1090 2099 1206 2198 spatia
1231 2098 1484 2178 intercollalia
1502 2126 1569 2180 vo·

462 2233 563 2288 cant.
610 2215 751 2315 spuriae
770 2212 878 2289 costae
895 2209 994 2298 sunt,
1013 2233 1096 2308 qua:
1107 2229 1189 2283 non
1212 2207 1313 2286 inter
1339 2209 1378 2286 se
1393 2233 1567 2293 coeunt:

461 2321 517 2400 hae
537 2325 577 2398 in
600 2325 839 2425 cartilagines
861 2322 1106 2421 degenerant.

459 2486 465 2497 .
518 2431 746 2510 Musculosae
768 2448 891 2531 partes
916 2429 983 2504 sub
1020 2426 1306 2526 cartilaginibus
1339 2427 1571 2532 hypochon·¹

465 2541 549 2617 dria
574 2536 732 2626 Graeci,
753 2533 1079 2638 subcartilaginea
1108 2531 1273 2624 Latine,
1302 2529 1572 2646 &quibusdam

451 2644 668 2756 pracordia
691 2645 790 2723 diua
810 2644 909 2722 sunt.
939 2642 1095 2719 Deinde
1109 2642 1214 2719 alvus
1241 2641 1292 2719 est
1317 2672 1326 2718 :
1360 2670 1479 2746 quem
1504 2654 1571 2730 alii

460 2779 639 2838 ventrem
659 2761 889 2834 nominant:
910 2751 1016 2853 quod
1031 2753 1073 2829 in
1097 2752 1229 2828 medio
1252 2751 1315 2844 est,
1341 2758 1569 2857 epigallrion

463 2866 591 2946 Graeci
618 2885 772 2955 vocant,
794 2866 902 2965 super
932 2881 1109 2940 ventrem
1134 2860 1278 2938 scilieet
1309 2883 1464 2943 cutem:
1486 2893 1569 2948 me·

462 2979 525 3053 dia
550 2980 691 3054 cavitas
716 2976 922 3051 umbilicus
944 2971 1007 3062 est,
1036 2973 1072 3046 ei
1109 2971 1344 3047 circumdata
1381 2979 1478 3053 cutis
1508 3004 1570 3058 ve.

462 3088 542 3164 mla
574 3105 761 3163 vocatur:
791 3078 899 3187 qudd
931 3106 975 3159 ea
995 3101 1194 3180 corrugata
1228 3081 1417 3162 senectam
1448 3086 1569 3169 adeffe

462 3193 671 3297 fignificat:
695 3190 804 3296 quod
827 3194 898 3272 sub
933 3194 1122 3270 umbilico
1156 3194 1329 3293 ponitur,
1371 3195 1569 3280 abdomen

460 3330 507 3382 ac
531 3308 665 3383 sumen
692 3307 767 3383 est:
798 3306 906 3406 quod
923 3303 1052 3404 postea
1078 3302 1125 3379 ad
1147 3305 1330 3402 genitalia
1351 3306 1472 3407 usque
1485 3331 1568 3412 per-

460 3419 575 3505 tinet,
598 3412 757 3518 episton‚
777 3416 897 3516 pubes
923 3437 967 3489 ac
992 3412 1127 3513 peden
1154 3415 1305 3490 dicitur.

465 3560 469 3565 ·
516 3526 887 3602 Genitaliummaris
903 3522 1011 3621 quod
1027 3521 1242 3623 pendulum
1254 3522 1316 3614 est,
1335 3525 1452 3606 stema
1464 3529 1569 3614 Grae.

459 3632 621 3726 adcolas
641 3627 805 3724 Latine,
821 3629 1009 3741 penisque
1031 3633 1170 3710 dicitur
1195 3661 1204 3708 :
1236 3637 1344 3733 quod
1369 3662 1454 3717 non
1475 3666 1568 3745 pen.

460 3749 537 3838 det,
570 3746 794 3849 hypostema
819 3745 897 3822 hoc
943 3740 993 3818 cst
1029 3741 1313 3837 sedimentum,
1365 3771 1432 3828 aur
1469 3756 1565 3852 peri.

458 3882 596 3936 neus:
636 3862 716 3955 ejus
775 3877 994 3936 extremum
1041 3856 1270 3960 preputium
1315 3855 1376 3939 est.
1451 3854 1566 3940 Sero,

828 3994 845 4043 2
1483 3987 1571 4056 tum
