3510 4830
296 258 376 362 De
397 256 560 394 Veſscae
578 258 841 400 Rerumque
877 264 1129 398 Afflssibur.
1238 314 1268 393 7

153 458 345 535 tumuere,
379 445 600 523 &renibus
636 441 721 548 ipsis
762 444 972 524 vehemens
999 448 1095 526 inest
1128 448 1267 542 ardor,

151 553 258 632 fulva
281 559 319 632 &
341 578 436 656 pura
458 557 623 646 mciunt,
651 580 725 634 nec
749 560 827 653 jam
847 578 928 635 tam
948 583 1052 636 acres
1078 560 1165 640 sunt
1183 585 1267 639 cru-

151 665 270 743 ciatus
294 662 411 764 quam
435 684 558 757 antea,
586 671 818 769 caeteroquin
841 672 1091 770 graviores&
1113 671 1262 773 pulsan·

149 791 229 853 tes:
258 775 384 852 febres
408 798 493 849 non
520 776 629 863 llatae,
669 777 733 850 scd
753 782 918 852 erratica
941 799 1055 880 atque
1088 781 1261 860 horridae.

148 881 231 961 lllis
259 883 470 984 suppurata,
493 902 537 958 ut
556 885 770 985 plurimum
789 888 831 959 in
847 881 1009 961 veficam
1043 910 1262 990 erumpunt,

146 1017 232 1092 qua·
260 1012 504 1094 rupturamm
534 992 585 1068 est
618 987 894 1095 potentiffima.
957 995 1187 1094 Aliquando
1219 1002 1261 1078 in

146 1101 373 1181 intestinum
402 1098 581 1180 abscessus
599 1106 803 1206 rumpitur,
834 1105 889 1179 ibi
920 1102 958 1179 se
977 1106 1167 1184 allevante
1193 1132 1259 1209 pu-

144 1208 297 1292 rulenti
316 1207 490 1304 materid,
509 1219 546 1291 δι
570 1216 824 1314 putrescente.
870 1215 1096 1316 Praxagoras
1121 1216 1258 1296 refere-

145 1321 211 1402 bat
223 1323 347 1403 visum
365 1318 433 1401 fibi
448 1325 657 1425 quendam,
690 1327 757 1425 qui
781 1347 850 1426 per
870 1324 999 1401 sedem
1020 1331 1174 1404 urinam
1195 1348 1257 1404 ex·

144 1431 328 1523 crevisset,
371 1432 703 1535 supervixissetque
736 1437 848 1510 annis
877 1435 1120 1512 duodecim:
1155 1450 1256 1515 anne

144 1544 469 1646 etiarnplutibus,
499 1540 627 1641 (quod
645 1560 739 1623 tunc
763 1547 950 1643 temporis
970 1542 1049 1644 ipse
1072 1539 1253 1623 disceffis·

141 1652 213 1742 set,
239 1676 313 1729 nec
342 1652 390 1728 de
413 1675 463 1729 eo
487 1656 697 1752 quicquam
718 1650 873 1732 audisset
889 1653 1029 1757 postea)
1057 1657 1251 1756 ignorare·

142 1761 241 1840 Sunt
264 1765 345 1853 alii,
372 1763 513 1863 quibus
535 1763 715 1842 abscessus
733 1763 913 1842 collesiio
937 1763 1151 1844 extrorsum
1183 1768 1249 1845 ab·

140 1876 343 1976 rumpitur,
374 1879 414 1952 δι
440 1874 601 1951 iliorum
624 1896 803 1952 cavernas
826 1874 1010 1977 pervadit,
1033 1899 1127 1978 quas
1153 1900 1247 1977 pure

139 1984 307 2065 &lotio
338 1984 531 2082 compleri·-
566 1984 758 2061 necessum
797 1985 860 2073 est,
900 1986 1032 2082 ibique
1071 1987 1247 2059 illuuiem

138 2091 399 2179 adbaerescete.
427 2089 583 2168 Deinde
594 2088 789 2191 progtcffu
798 2094 984 2192 temporis
1000 2095 1041 2168 in
1053 2115 1172 2170 anum
1186 2117 1247 2169 er·

138 2199 466 2302 trudiatqueillac
485 2200 587 2277 foras
601 2202 774 2278 tendere.
831 2202 1048 2278 Nonnullis
1069 2195 1165 2279 verb
1183 2227 1247 2280 ex-

137 2331 195 2390 tra
222 2336 333 2389 rencs
356 2310 481 2414 frangi
507 2310 716 2402 cundatur,
734 2316 772 2388 dc
788 2311 868 2388 illic
884 2311 929 2388 ad
942 2313 1112 2390 multum
1147 2332 1244 2392 tern-

137 2446 206 2524 pus
228 2441 413 2512 remanet,
450 2415 569 2521 usque
597 2447 679 2523 quo
703 2440 890 2511 exuratur,
923 2442 986 2498 aut
1010 2445 1246 2523 quocunque

137 2535 260 2608 modo
281 2532 317 2605 se
343 2530 542 2603 discindat.
601 2533 753 2634 Qubus
780 2551 910 2606 autern
927 2536 968 2605 in
997 2529 1158 2607 vesicam
1186 2534 1243 2607 cs·

135 2643 327 2727 funditur,
358 2636 418 2708 ilfi
442 2634 636 2733 principio
659 2638 829 2720 mucosa,
850 2642 886 2705 ὅ(
908 2641 1246 2728 cruentameiunt,

134 2752 249 2830 instat
275 2743 537 2848 apostematis
578 2735 687 2818 exeis
720 2762 730 2818 τ
783 2739 923 2816 deinde
961 2765 1033 2842 pro
1067 2742 1241 2821 ulcerum

134 2863 298 2940 ratione.
370 2856 477 2929 Nam
523 2848 550 2927 fi
585 2845 757 2951 maligne
805 2852 1083 2952 exasperentur,
1118 2873 1158 2930 ut
1199 2858 1242 2932 in

134 2975 219 3049 aliis
242 2967 431 3044 ulceribus
467 2962 775 3066 putrescentibus
811 2960 879 3037 usu
925 2966 1061 3052 venit,
1114 2963 1239 3068 muita

47 3071 51 3075 ’
135 3067 518 3164 reddunturfoetida,
547 3073 733 3153 livida&
765 3070 937 3161 mucosa,
976 3093 1089 3170 atque
1119 3081 1265 3172 eriam,
1305 3143 1308 3146 A

139 3192 313 3292 quadam
335 3184 548 3273 caruncula
569 3185 748 3282 oblongae
760 3177 984 3279 ¹finrilesque
1002 3181 1268 3259 membranis..

133 3297 345 3384 abinaam
402 3292 459 3375 san
512 3295 642 3375 ulcera
687 3293 857 3388 maligna
890 3313 990 3364 *non
1015 3293 1266 3388 extiterint,

132 3435 207 3518 pus·
231 3412 362 3499 album
410 3412 448 3486 lle
494 3401 714 3506 aeqrubile',
762 3395 841 3476 sine
869 3397 1159 3499 .:gras'teolentiai
1200 3409 1265 3482 &-

132 3516 249 3625 copid
285 3541 450 3621 paucum
483 3515 710 3594 excernitur,
771 3510 867 3621 Jam
890 3504 983 3587 verb
1012 3504 1149 3596 sr'ren
1191 3513 1241 3590 ad

133 3634 446 3735 suppurationem
458 3625 645 3707 inclinare
661 3622 867 3712 videbitur,
880 3621 893 3714 (
904 3619 1096 3721 videbitur
1107 3641 1241 3699 autern
1260 3677 1267 3693 .

132 3739 314 3848 predistis
353 3733 489 3840 segnis)
529 3729 883 3823 maturandum-est
908 3729 1041 3833 quoad
1051 3735 1133 3822 ,ἕως
1155 3728 1273 3806 fictio

134 3852 272 3956 potest,
311 3854 350 3933 ὅ(
368 3927 373 3937 .
388 3845 797 4032 ἱίῌὶνπωηαῗωη
812 3843 960 3945 χωοβτι
988 3858 1252 4023 Qmmffiilslcs
