3510 4830
314 269 381 347 ιο
615 242 809 340 Rurrr
860 241 1106 344 Ennusrt

714 563 924 661 citor
959 562 1046 663 xl.

405 777 737 920 Cataplasmata
761 772 973 874 ulceribus
985 772 1345 914 putrescentibus]
1349 777 1356 808 ¹

312 1093 323 1120 ,
431 1025 599 1111 Dvetsus
627 1023 859 1125 maligniora
878 1024 1009 1103 ulcera
1031 1022 1313 1105 valentioribus
1329 1046 1429 1129 opus

460 1137 525 1238 eli,
548 1141 588 1217 dt
609 1138 717 1213 intro
737 1131 939 1239 allumptis,
967 1137 1008 1212 ὃ(
1030 1132 1124 1216 fotis
1141 1134 1331 1212 admotis:
1365 1138 1427 1214 in·

315 1267 377 1328 tus
401 1247 561 1349 quidem
576 1265 815 1347 quacunque
840 1245 918 1338 jam
945 1242 1045 1322 lilia
1069 1245 1156 1324 sunt
1180 1244 1228 1321 ad
1245 1267 1429 1346 rumpen-

315 1359 383 1438 das
410 1355 661 1439 collobiones
687 1354 948 1446 convenient3
978 1358 1018 1432 ὁ(
1041 1357 1253 1444 cuminum,
1267 1346 1429 1435 AEthio·

318 1471 453 1575 picum
483 1490 577 1546 cum
597 1467 694 1544 vino
720 1464 838 1555 dulci,
874 1482 961 1543 tuta
988 1489 1079 1545 cum
1099 1466 1219 1543 melle
1252 1468 1292 1542 ὁ(
1318 1469 1429 1558 vino,

318 1577 504 1678 canchtys
515 1600 607 1655 cum
624 1574 771 1652 semine
780 1577 887 1677 porri
899 1598 948 1653 ex
960 1577 1053 1658 vino
1067 1576 1235 1655 molli&
1251 1574 1432 1655 delicato.

317 1691 433 1769 Extra
460 1680 557 1763 vero
587 1683 760 1787 proderit
780 1687 861 1760 ervi
882 1684 1046 1763 farinam
1067 1691 1110 1764 in
1132 1687 1229 1764 vino
1250 1688 1289 1762 &
1314 1687 1434 1765 melle

319 1796 472 1877 collam
483 1795 647 1888 illinere,
674 1791 837 1872 &rosas
863 1794 983 1871 aridas
1006 1795 1189 1894 tritasque
1212 1816 1304 1871 curn
1328 1796 1435 1875 lente

320 1912 362 1987 ἃ
388 1906 521 1997 melle,
552 1921 619 1983 aut
648 1903 781 1982 baccas
810 1907 929 2005 myrti
951 1904 1067 1983 alicui
1085 1904 1230 1982 horum
1252 1904 1434 1985 incoctas.

321 2018 480 2128 Quippe
501 2014 581 2095 haec
599 2018 639 2091 δι
662 2013 703 2090 id
724 2036 846 2114 genus
867 2016 1006 2091 omnia
1020 2017 1198 2112 ulcerum
1217 2016 1441 2114 putredines

319 2130 525 2204 inhibent:
552 2117 691 2199 vetlem
715 2141 872 2220 oportet
894 2139 1002 2198 totos
1025 2124 1179 2201 lumbos
1203 2126 1240 2198 δι
1262 2124 1328 2201 ilia
1354 2149 1436 2229 per·

322 2236 453 2313 linire.
511 2230 668 2308 Bonum
686 2230 805 2305 etiam
820 2228 980 2328 aliquod
1001 2231 1335 2309 medicamentum
1350 2238 1439 2332 inji-

324 2365 413 2424 cere
435 2361 586 2430 eorum‚
623 2362 707 2438 qua
739 2334 978 2436 dysenterica
1005 2342 1259 2474 appellantur,
1280 2336 1438 2433 saache.

324 2444 497 2532 mentids
519 2447 740 2552 depascatur
760 2449 891 2525 ulcus:
919 2443 1054 2527 fivero
1073 2473 1147 2551 pra
1171 2448 1308 2529 dolore
1328 2457 1366 2532 ὅ(
1380 2457 1439 2534 ln·

325 2564 591 2643 flammatione
626 2582 696 2660 pus
718 2552 819 2636 fords
841 2556 997 2659 prodire
1018 2582 1103 2634 non
1122 2559 1257 2661 potest,
1287 2562 1441 2646 abluere

325 2672 524 2776 oportebit
546 2671 657 2746 tenui
674 2689 849 2744 cremore
859 2664 1028 2764 ptisana,
1048 2672 1088 2744 δε
1113 2668 1222 2760 lalie,
1251 2672 1289 2747 δι
1310 2671 1441 2769 hujus·

325 2781 437 2860 modi
455 2776 584 2875 tepida
617 2774 795 2850 fomenta
815 2771 1011 2863 adhibere,
1039 2779 1078 2852 &
1101 2776 1209 2879 supra
1232 2802 1441 2879 aquamte.

327 2889 460 2994 pidam
482 2882 681 2959 sedentem
705 2881 911 2958 collocare.
949 2880 1007 2957 Ita
1025 2884 1132 2959 enim
1159 2893 1442 2989 percommon

331 2995 482 3077 exierit.
547 2990 606 3068 At
639 2986 667 3067 st
702 3008 859 3092 propter
884 2992 1177 3070 ctaffamentum
1214 2999 1443 3101 retardetur,

332 3103 551 3187 bibendum
567 3102 811 3181 decolluram
831 3100 1026 3193 foeniculi,
1048 3104 1137 3206 apii,
1155 3103 1441 3210 ehamapityos‚

333 3213 509 3298 absmtbii
531 3232 646 3316 atque
663 3213 826 3313 origani.
882 3213 973 3291 Haec
997 3214 1126 3293 taliter
1142 3215 1318 3299 facienda
1338 3221 1443 3307 sunt.

483 3366 486 3371 Ι
524 3440 739 3532 cirur-
774 3438 877 3533 Xll.
965 3436 1043 3535 De
1076 3432 1236 3539 Lalle.

426 3676 658 3762 Ostmodum
682 3680 894 3760 bibendum
918 3684 977 3763 lac
1002 3706 1094 3766 cum
1122 3689 1254 3782 melle,
1278 3698 1444 3794 cumpri.
1473 3686 1477 3693 ’

451 3795 526 3872 mis
565 3789 754 3876 asininum
780 3813 845 3876 aut
881 3799 1078 3901 equinum.
1138 3800 1337 3904 Siquidem
1360 3804 1442 3897 ejus

1279 3933 1442 4015 magnus
