3510 4830
286 326 345 415 43
593 287 783 376 uniar
826 275 1083 371 Eunusn

283 456 488 537 hominem
509 453 645 557 sopore
673 452 894 555 gravabant,
930 444 1146 552 vocquue
1166 444 1400 532 adimebant.

288 562 485 647 Caeterum
515 567 646 644 nostro
664 563 893 645 saeculonon
910 566 1147 653 arteriarum,
1166 563 1230 640 sed
1257 588 1399 643 nervo.

288 703 377 755 rum
412 676 673 754 sensoriorum
706 669 829 778 propi.
855 677 1065 771 jacentium
1093 676 1134 749 id
1157 676 1295 752 vitium
1327 674 1400 752 effe

290 807 537 889 compertum
563 785 636 863 est:
664 809 782 885 quare
805 780 833 859 st
854 805 1004 862 nomen
1026 800 1244 888 permutare
1268 784 1400 863 volue-

291 902 356 990 ris,
385 897 485 975 nibil
511 899 660 998 peccati
682 894 889 978 admiseris.

347 1010 471 1086 Nervi
500 1003 520 1080 ai
552 1009 736 1105 cerebro,
762 1005 951 1107 spinaeque
970 1002 1141 1081 medulla
1166 1004 1403 1106 prodeuntes

291 1122 414 1208 adivi,
439 1117 613 1207 sensorii,
627 1170 632 1181 .
647 1116 811 1204 εὶεᾶἰνί,
837 1111 951 1214 atqu'e
972 1116 1082 1191 toni:
1129 1119 1197 1214 qui
1219 1118 1320 1190 eirca
1344 1142 1403 1196 ar·

292 1249 353 1305 tus
369 1228 474 1316 sunt,
489 1229 706 1328 copulativi
731 1226 935 1302 dicuntur:
956 1222 1077 1301 crau'a
1090 1244 1222 1302 autem
1238 1248 1283 1299 cx
1299 1229 1402 1304 ocei-

291 1343 391 1440 pitio
407 1341 646 1438 propagines,
665 1359 826 1435 quaeque
847 1334 894 1410 ad
908 1335 1053 1411 calcem
1081 1328 1293 1412 &musculo
1318 1336 1403 1415 uas·

292 1470 425 1524 centes
445 1447 633 1536 seruntur,
652 1443 836 1520 teudonis
866 1443 1100 1520 vocabulum
1121 1445 1277 1521 habent.
1311 1446 1403 1523 Car-

292 1559 472 1658 tilagines
492 1561 592 1647 sunt,
621 1559 662 1631 iu
683 1578 777 1654 quas
797 1552 875 1630 ossa
896 1555 1143 1653 degenerant,
1179 1557 1308 1633 nervis
1337 1555 1405 1633 du·

294 1671 426 1744 riores.
484 1665 719 1742 Membrana
733 1669 865 1741 tenuia
878 1666 1219 1741 suntvelamenta:
1248 1671 1406 1758 tunicae,

293 1770 483 1853 crassiora.
541 1776 685 1878 Adeps,
722 1767 968 1874 pinguiffima
1006 1773 1056 1848 est
1095 1775 1274 1851 alimenti
1308 1799 1405 1852 con-

294 1887 428 1989 cretio.
466 1887 594 1963 Caro
621 1902 753 1961 autem
783 1885 826 1959 in
855 1882 1061 1961 visceribus
1085 1883 1184 1963 illud
1209 1884 1273 1976 est,
1299 1885 1409 1985 quod

286 1999 400 2089 ‚inter
445 1993 595 2073 vascula
630 2013 859 2071 concretum
889 1997 1105 2099 reperiturg,
1153 1995 1409 2096 subtegmen

298 2106 510 2206 quoddam,
560 2131 605 2182 ae
641 2104 765 2180 veluti
787 2104 1120 2212 receptaculorum
1148 2124 1303 2186 texturae
1338 2109 1410 2186 sar-

299 2237 386 2293 tum
415 2246 426 2301 3
456 2210 539 2316 qud
575 2215 705 2290 inania
732 2217 817 2317 ,ejus
869 2214 985 2315 spatia
1026 2215 1306 2317 compleantur.
1363 2219 1409 2295 In

297 2322 482 2401 musculis
509 2347 599 2401 earo
618 2347 702 2425 pars
727 2321 866 2399 fibrosa
894 2345 939 2398 ae
964 2321 1074 2421 firma
1097 2324 1159 2413 est,
1196 2333 1240 2413 ἃ,
1258 2353 1341 2426 quar
1366 2329 1409 2404 iu

296 2435 502 2522 ulceribus,
525 2426 744 2530 ossiumque
760 2435 861 2508 cavis
886 2455 1018 2508 recens
1042 2434 1268 2512 concrescit.
1320 2439 1409 2515 Me·

301 2545 408 2621 dulia
421 2537 517 2637 verb
549 2545 592 2617 in
614 2541 732 2614 dorso
761 2542 932 2627 dorsalis,
957 2544 999 2612 in
1029 2543 1214 2620 vertebris
1231 2543 1409 2647 spinalis3

297 2654 368 2731 has
408 2653 527 2728 etiam
558 2649 733 2726 ambiens
763 2651 1030 2726 membranula
1064 2649 1216 2751 spinalis
1258 2655 1410 2737 dicitur.

300 2763 480 2840 Medulla
497 2766 598 2835 intra
623 2760 771 2833 calvam
799 2774 985 2833 contenta
1002 2762 1205 2838 cerebrum
1229 2764 1308 2841 est:
1346 2769 1412 2847 sed

302 2874 347 2948 in
364 2870 446 2944 aliis
471 2861 614 2944 ossibus
641 2866 763 2943 offalis
782 2885 941 2942 vocatur
964 2894 974 2941 :
1013 2864 1089 2944 five
1113 2872 1156 2944 in
1177 2877 1327 2972 magnis
1349 2880 1411 2955 in·

302 2974 348 3055 sit
371 2979 497 3063 cavis,
540 2994 583 3053 ut
618 2978 660 3048 in
695 2974 846 3052 femore
888 2995 1002 3077 arque
1048 2976 1228 3072 humero,
1262 2979 1337 3060 sive
1367 2987 1411 3065 in

302 3080 470 3195 angustis
474 3078 738 3192 foraminibus,
760 3108 856 3194 quar
878 3086 1065 3187 strangas,
1089 3084 1196 3194 idest
1209 3114 1411 3188 cavernas,

304 3211 463 3288 vocant,
492 3198 599 3273 utin
632 3195 743 3273 costis
763 3222 806 3275 ac
835 3200 988 3299 jugulis.

360 3307 521 3406 Sanguis
562 3299 810 3386 calidissimus
839 3307 902 3400 esi,
942 3302 1239 3413 flavissrmi'rsque
1265 3315 1410 3399 succus.

304 3417 448 3495 Pituita
472 3417 606 3494 album
627 3418 798 3506 crassum,
825 3441 869 3493 ac
887 3416 1094 3498 subsalsum
1117 3446 1412 3510 excrementum

306 3525 377 3603 est:
398 3525 505 3623 quod
536 3547 628 3601 cum
656 3520 867 3616 restccatur,
892 3531 1081 3629 nigrescit.
1138 3535 1231 3613 Bilis
1257 3536 1354 3620 flava
1376 3567 1412 3621 a.

305 3658 458 3717 marum
484 3634 547 3727 est,
576 3659 621 3712 ae
650 3633 793 3714 flavum
821 3659 1139 3723 excrementum:
1167 3670 1349 3749 porracea
1376 3678 1410 3732 aa

307 3749 380 3825 cris
398 3744 461 3835 est,
485 3766 600 3847 atque
620 3745 818 3823 subviridis
842 3776 851 3824 ε
882 3751 1090 3852 aruginosa
1112 3753 1208 3836 vcrd
1228 3758 1279 3836 est
1298 3757 1409 3837 valde

306 3880 426 3965 mera,
447 3872 563 3961 atque
588 3858 753 3961 syncera.
811 3856 909 3940 Atra
945 3862 1035 3945 bilis
1058 3888 1198 3949 autem.
1216 3867 1409 3971 sanguinis

1162 3984 1169 3993 ⁸
1270 3983 1401 4091 Cl'dffd}
