3510 4830
428 276 501 408 '59
735 241 913 354 Ruunt
966 252 1217 345 Eunusrr

852 547 931 646 De
965 538 1122 642 Liene.

569 744 606 820 T
637 739 750 817 lienis
775 734 894 834 jecori
923 731 1137 809 contrarius
1159 725 1201 801 in
1220 717 1368 799 sinistris
1387 714 1551 825 precor--

585 852 659 929 diis
698 853 826 946 jacens
856 841 1095 945 opponitur,
1127 834 1182 936 ¹ud
1210 831 1373 911 humani
1402 831 1549 931 vestigii

445 961 737 1064 longitudinem
763 972 978 1059 protentus,
1005 949 1173 1052 superius
1199 941 1391 1022 rotundus
1423 949 1462 1023 &
1484 968 1547 1023 ro·

445 1073 583 1156 hunus,
615 1071 715 1147 insta
739 1060 955 1146 conttassus
986 1062 1025 1137 ὅ(
1053 1056 1215 1161 gracilis,
1248 1050 1397 1129 medius
1416 1060 1553 1158 angus·¹

424 1176 537 1276 ‘tion
565 1182 649 1259 vini
664 1179 762 1256 saecis
783 1176 916 1254 colore
933 1167 1117 1273 perfusus,
1140 1168 1245 1242 laxus
1274 1184 1317 1238 ac
1336 1162 1553 1250 foramina.

445 1298 586 1381 lentus,
615 1284 900 1389 conceptaculis
938 1279 1071 1356 multis
1097 1275 1342 1375 implicitus:
1369 1275 1551 1377 ignavum

446 1403 682 1490 membrum,
706 1388 897 1492 nullbque
920 1388 1086 1489 fungens
1105 1381 1333 1462 ministerio.

877 1807 955 1907 De
992 1803 1143 1906 Corde.

544 2117 736 2198 Ulmonis
760 2114 864 2193 fibris
887 2139 955 2195 cor
981 2114 1282 2217 circumtegitur,
1310 2116 1412 2193 intra
1432 2118 1562 2222 petius

570 2228 700 2307 sedem
728 2226 874 2305 habens
907 2225 1119 2304 seeundum
1146 2225 1335 2316 medium,
1370 2235 1488 2333 magis
1509 2251 1562 2308 ta-

457 2361 552 2416 men
574 2338 621 2414 ad
657 2334 838 2414 finistram
856 2335 1065 2417 declinans,
1104 2339 1142 2411 &
1175 2333 1242 2409 sub
1273 2332 1413 2413 sinistra
1441 2364 1562 2417 mant·

456 2470 521 2523 ma
545 2448 772 2536 collocatur,
798 2447 904 2546 pinei
934 2445 1065 2520 nuclei
1090 2435 1258 2541 effigiem
1284 2443 1453 2543 adeptus,
1483 2445 1565 2528 &d

461 2558 538 2632 lata
557 2557 643 2632 base
670 2559 709 2628 in
728 2576 960 2625 mucronem
978 2552 1090 2624 instar
1110 2549 1275 2625 turbinis
1287 2555 1566 2649 acuminatum,

461 2662 724 2744 musculosum
760 2679 894 2736 natura
929 2678 1044 2758 atque
1081 2658 1313 2750 nervosum,
1354 2665 1566 2763 pulsatorio

462 2777 612 2876 semper
642 2789 752 2848 motu
787 2773 992 2869 percitum,
1028 2767 1202 2843 medium
1237 2771 1378 2861 inane,
1417 2777 1575 2856 duobus.

464 2881 674 2960 manifestis
711 2876 861 2954 sinistris
889 2900 1118 2964 concavum,
1159 2881 1281 2955 altero
1323 2881 1364 2953 in
1415 2883 1576 2982 dextris,

464 2999 533 3092 qui
555 2990 793 3090 sanguineus,
822 2981 929 3086 quud
967 2985 1219 3062 multitudine
1242 2987 1436 3085 sanguinis
1462 2990 1569 3072 afflu.

467 3122 517 3192 at,
551 3100 781 3205 appellatur:
825 3097 948 3171 altero
979 3097 1020 3171 in
1052 3091 1202 3171 sinistris
1226 3095 1440 3198 spiritu0s0,
1474 3130 1570 3204 quo-

466 3217 573 3288 niam
609 3210 810 3309 spirituum
831 3207 944 3308 copia
968 3204 1169 3295 redundat,
1203 3229 1449 3309 nuncupato:
1480 3218 1575 3294 inde

466 3320 509 3396 iit
531 3322 660 3407 etiam,
677 3338 719 3394 ut
740 3316 941 3418 spirituum
958 3318 1168 3416 agitatione
1192 3337 1404 3396 moveatur.
1443 3327 1578 3402 Mem.

469 3428 596 3506 branis
632 3448 808 3528 ptaeterea
856 3429 1037 3525 utrinque
1071 3427 1270 3504 latioribus
1301 3433 1576 3516 auricularibus

469 3540 614 3616 vocatis
635 3561 702 3611 cor
733 3537 999 3638 praecingitur:
1030 3539 1218 3633 quoniam
1243 3534 1288 3613 ad
1305 3541 1453 3619 aurium
1481 3548 1573 3628 ima·

446 3652 603 3748 .ginem
641 3645 767 3722 cordis
802 3645 985 3721 lateribus
1022 3641 1229 3735 inhaerent,
1269 3650 1305 3724 &
1332 3630 1568 3749 prominent,

469 3758 537 3839 Ab
563 3757 645 3860 ipso
664 3749 757 3836 veru
773 3757 883 3857 plura
902 3754 1179 3858 conceptacula
1199 3755 1417 3844 nascuntur,
1456 3772 1494 3842 ὅ(
1510 3789 1575 3843 vc·

1503 3900 1575 3970 nae,
