3510 4830
600 215 678 368 De
696 264 909 367 Partibus
944 266 1164 371 nomas.
1364 284 1429 404 4⁸

324 438 400 522 nali
415 441 492 532 alae,
510 441 571 520 seu
585 447 710 548 plnnae
732 442 955 539 hujusmodi
975 468 1066 522 cava
1086 446 1300 524 ambientes
1319 448 1432 528 sunt:

322 553 391 630 sub
415 557 600 632 columna
616 550 804 632 subsidens
817 558 956 633 cavitas
968 554 1077 658 supra
1096 557 1243 634 labium
1257 554 1434 659 philtron

321 659 466 756 Greci,
481 659 631 744 Latine*
640 664 868 746 amatorium
880 667 1019 744 dicitur
1027 702 1042 755 ,-
1059 686 1192 746 totum
1202 665 1308 750 verb,
1322 672 1432 770 quod

317 773 420 853 infra
457 775 594 849 nasum
621 775 729 874 supra
770 777 871 850 labia
896 776 959 865 eli,
993 775 1264 876 hyporrhirron
1300 782 1432 880 appel·

318 884 426 959 lant:
461 881 601 958 deinde
628 882 728 961 labia
743 882 835 973 duo,
864 907 1034 984 quorum
1067 885 1216 961 summa
1258 891 1433 988 prochila

320 989 447 1071 Graeci
482 992 643 1086 dicunt,
675 1013 718 1071 tu
742 995 944 1095 prolabia‚
975 990 1002 1071 sr
1033 997 1152 1078 lubet,
1177 994 1325 1085 dicitur
1358 996 1435 1101 qul

315 1108 620 1181 committuntur
637 1124 772 1183 autem
791 1104 1036 1207 prostomion
1054 1105 1118 1184 est.

371 1211 451 1292 Sub
482 1212 692 1316 superciliis
719 1217 826 1295 oculi
847 1216 962 1295 sunt:
1005 1241 1089 1317 quae
1119 1219 1256 1297 oculos
1297 1222 1434 1298 eonte-¹

312 1343 422 1423 gunt,
459 1326 647 1428 palpebrae
682 1325 804 1405 sunt:
838 1325 978 1406 harum
1009 1331 1127 1407 altera
1155 1328 1278 1431 supra,
1313 1331 1431 1409 altera

313 1433 414 1512 infra
443 1436 521 1513 est:
544 1461 708 1533 quarum
729 1439 772 1512 in
799 1439 1051 1515 connivendo
1070 1439 1287 1537 congrelius
1310 1442 1433 1516 tarsos

313 1561 490 1629 vocant:
520 1546 590 1645 pili
617 1569 662 1625 ex
698 1544 890 1648 palpebris
915 1549 1031 1628 enati,
1060 1545 1150 1622 eilia
1181 1545 1280 1624 sunt.
1337 1551 1430 1627 Tar-

316 1651 449 1738 sorum
491 1674 677 1746 extrema,
725 1656 869 1758 anguli,
906 1679 1069 1758 magnus
1114 1653 1236 1751 naso,
1270 1659 1433 1758 exiguus

313 1765 484 1866 tempori
523 1763 723 1845 finitimus.
784 1766 897 1846 Corae
920 1767 1074 1869 pupilla
1101 1765 1212 1846 sunt:
1234 1768 1356 1871 glenae
1381 1793 1429 1850 o·

315 1876 497 1954 culorum
515 1877 655 1970 media,
683 1901 752 1979 per
778 1901 861 1979 quae
886 1877 1075 1956 videmus.
1131 1877 1216 1956 Alii
1239 1880 1430 1982 pupillam

313 1985 356 2061 id
374 2005 532 2076 vocant,
563 2011 645 2085 quo
664 1988 854 2079 videmus,
900 2012 1033 2064 coram
1053 2006 1184 2064 autem
1210 1994 1247 2066 lle
1272 1991 1430 2087 glenam

304 2087 562 2177 .fimulacrum
588 2099 632 2174 in
665 2096 813 2198 pupilla
847 2094 1125 2199 conspicuum:
1150 2097 1233 2197 post
1257 2096 1337 2174 haec
1362 2119 1431 2174 au·

314 2220 411 2296 tem,
439 2230 522 2306 quae
546 2204 634 2285 sunt
663 2208 785 2308 nigra,
822 2200 934 2291 casta,
969 2226 1035 2285 aut
1069 2204 1281 2308 splendida,
1308 2203 1329 2285 al
1360 2229 1430 2284 eo·

311 2313 399 2393 lore
426 2319 713 2399 nominantur:
760 2319 825 2395 iris
866 2320 1034 2400 circulus
1060 2317 1112 2395 est
1133 2319 1307 2421 pradiua
1336 2317 1429 2394 albo

313 2430 558 2511 continuans.
619 2429 699 2509 Sub
714 2431 840 2509 oculis
861 2432 950 2512 loca
965 2432 1137 2535 hypopia
1172 2421 1320 2523 Graecl,
1344 2423 1432 2530 Lag

311 2533 646 2634 linbsubocularia
654 2536 763 2632 sunt.

365 2643 437 2720 His
462 2640 704 2740 insurgentes
718 2637 945 2716 eminentia
963 2636 1159 2733 subiacent
1179 2641 1287 2716 malae
1310 2661 1429 2717 voca·

314 2771 384 2829 tat:
416 2776 499 2849 quae
522 2773 589 2851 per
614 2747 805 2850 pudorem
830 2748 1083 2824 erubescunt:
1108 2747 1178 2826 sub
1204 2746 1265 2823 his
1288 2752 1427 2825 maxil-

315 2861 373 2954 la,
404 2861 470 2940 seu
497 2859 750 2940 mandibula:
779 2882 944 2958 quarum
980 2857 1193 2937 inferioris*
1205 2878 1429 2938 extremum

316 2974 358 3049 in
384 2989 541 3055 acutum
568 2967 716 3061 delinit,
736 2965 997 3071 mentumque
1029 2970 1102 3048 eli:
1146 2966 1165 3049 al
1193 2994 1276 3072 quo
1305 2969 1428 3072 usque

314 3083 551 3167 reinsertus
586 3082 735 3160 labium
764 3105 810 3159 os
848 3077 892 3158 stt
928 3081 1157 3169 rotundum,
1199 3100 1314 3176 atquc
1337 3104 1425 3180 pro·

314 3195 489 3273 minens:
520 3191 591 3271 sub
614 3212 752 3271 mento
775 3191 932 3269 carnola
948 3184 1076 3294 parsd
1107 3187 1255 3288 Graecis
1294 3188 1426 3265 anthe·

318 3326 435 3395 reon,
455 3302 519 3384 seu
541 3303 719 3380 leucania
732 3301 898 3377 dicitur:
925 3323 1062 3376 verum
1104 3303 1168 3374 alii
1187 3297 1428 3378 anthereona

315 3412 415 3497 lunc
439 3432 615 3516 partem.
632 3415 851 3491 leueaniarn
881 3403 979 3490 verb
1005 3411 1212 3488 cavitatem
1243 3412 1348 3506 iuxta
1366 3413 1423 3509 ju·

315 3523 451 3625 guium
470 3525 676 3626 appellant.

370 3634 564 3713 Auriculae
599 3635 818 3712 eminentia
851 3633 1015 3711 suntab
1055 3652 1222 3734 utroque
1246 3649 1428 3731 tempore

315 3748 421 3844 iuxta
446 3765 618 3824 extrema
636 3749 855 3826 collocata:
882 3767 1047 3847 quarum
1072 3742 1284 3824 cavernula
1317 3761 1424 3820 mea-

1366 3867 1428 3923 tus

1620 405 1630 444 Ι
