3510 4830
446 244 513 372 ‘55
719 248 929 340 -Runut
984 237 1238 333 Epuzsn

451 416 565 510 hanc,
588 435 775 517 tanquam
813 442 881 521 per
898 418 1145 497 corniculum
1168 415 1350 519 pellucet,
1374 434 1440 496 aut
1456 417 1566 521 quod

451 529 564 611 instar
592 554 716 608 cornu
746 533 789 606 in
819 529 1044 632 corpuscula
1066 527 1248 607 &edonas
1280 544 1429 621 vocata,
1447 526 1496 610 id
1512 528 1565 632 ss

441 634 570 749 fibras
599 634 884 741 autfilammta
904 639 1118 719 resolvitur.
1180 639 1357 718 Secunda
1380 637 1565 746 veropri·

454 776 528 832 mae
550 776 618 855 pet
649 747 923 855 appensionem
946 752 1066 852 usque
1099 751 1147 833 ad
1176 770 1356 829 vocatam
1374 775 1563 831 coronam

455 862 602 959 adnexa
613 863 677 954 est,
696 889 779 965 quae
797 863 924 940 media
942 860 1118 954 dehiscit,
1143 860 1484 962 atqueorbiculati
1510 886 1568 941 ca·

453 998 506 1054 vo
520 973 758 1078 perforatur:
784 994 959 1052 cavatum
982 994 1113 1052 autern
1140 971 1412 1075 corpusculum
1430 978 1570 1053 exteti-

455 1111 513 1177 us,
529 1072 899 1185 quicornicularem
921 1087 1088 1186 attingit,
1115 1084 1208 1175 lave
1240 1077 1463 1184 tersumque
1494 1085 1567 1164 eli:

455 1198 498 1273 in
510 1194 636 1274 averli
659 1216 766 1300 parte
778 1198 964 1298 asperum,
984 1216 1026 1273 ut
1039 1198 1166 1296 inquit
1185 1193 1434 1297 Herophilus,
1456 1197 1571 1296 quale

434 1329 540 1397 ,uvae
565 1310 666 1385 acini
686 1311 837 1387 corium
872 1306 943 1382 effe
972 1306 1083 1397 solet,
1112 1306 1272 1383 vasculis
1283 1307 1473 1408 ‘perplexa
1489 1306 1570 1391 haec

457 1419 591 1495 tunica
636 1417 687 1493 est
714 1447 722 1493 :
752 1440 846 1516 -quae
880 1417 1046 1495 secunda
1075 1416 1122 1491 ab
1153 1417 1306 1506 ordine,
1322 1416 1524 1518 'perforata
1539 1413 1570 1493 ‘i

456 1526 647 1617 structura,
675 1521 697 1604 a
722 1522 974 1604 similitudine
1006 1525 1219 1628 thagoides‚
1234 1520 1572 1621 Latinbacinalis,

458 1650 529 1716 aut
547 1632 705 1717 uvalis:
736 1635 938 1717 choroides
958 1640 1089 1729 etiam,
1114 1637 1224 1738 quod
1251 1635 1364 1715 instar
1392 1637 1571 1718 secundi·

460 1771 613 1838 natum,
657 1771 751 1847 quas
789 1748 959 1826 chotion
993 1743 1124 1828 Graect'
1141 1765 1306 1843 ¹vocant,
1335 1748 1498 1833 vasculis
1526 1744 1573 1828 lit

456 1858 593 1936 multis
611 1861 775 1961 irrigata,
799 1862 1037 1937 nominatur.
1067 1860 1201 1937 Tertia
1211 1861 1258 1937 ab
1271 1856 1417 1947 eodem
1438 1880 1572 1939 meatu

439 1970 654 2075 progressa
690 1973 824 2049 tunica
850 1969 1060 2048 humorem
1088 1973 1156 2047 ovi
1190 1969 1281 2047 albo
1299 1963 1489 2065 sunilem,
1516 1970 1571 2052 vi·

440 2075 670 2183 3tret‘1mque
692 2083 927 2186 appellatum
950 2080 1139 2159 includit:
1174 2079 1224 2157 est
1242 2078 1322 2158 haec
1356 2085 1573 2184 ptaetenuis,

442 2185 701 2293 ,vocaturque
734 2194 783 2270 ab
814 2193 990 2270 humoris
1019 2193 1275 2270 concretione
1308 2193 1440 2284 vitrea,
1466 2188 1489 2273 ai
1517 2214 1572 2273 te·

463 2303 617 2379 nuitate
638 2303 834 2395 araneolis,
864 2299 885 2382 a
902 2302 1148 2381 vasculorum
1175 2321 1361 2382 contextu
1378 2297 1576 2406 figurQue

444 2411 677 2513 ‘reticulatis
702 2440 711 2487 :
739 2416 883 2516 quippe
906 2436 990 2515 quae
1016 2436 1063 2487 ert
1095 2410 1260 2512 ¹angusto
1282 2411 1330 2486 in'
1353 2412 1478 2489 latum
1503 2414 1574 2491 dif-

440 2521 656 2627 ,sunditun
685 2516 952 2619 finnatt'quue:
980 2515 1064 2618 quo
1097 2539 1281 2618 quartam,
1302 2523 1476 2617 tunicam
1506 2524 1575 2613 hu-

442 2652 620 2733 2morem
661 2628 836 2730 crystallo
873 2624 1041 2708 similem
1080 2630 1357 2724 continentem
1373 2634 1575 2727 involvat,

449 2746 573 2843 ‚cujus
600 2742 810 2819 dimidium
844 2742 1067 2842 prominet,
1099 2739 1316 2820 secundina
1341 2747 1488 2826 runicae
1515 2745 1577 2833 fo·

445 2855 607 2941 ¹camini
629 2854 877 2954 contiguum,
903 2849 1111 2927 dimidium
1146 2875 1236 2928 cum
1263 2855 1428 2930 araneali
1466 2879 1574 2935 com

445 2964 646 3053 ‚mittitun
703 2964 793 3040 Haec
821 2961 939 3060 igitur
960 2961 1092 3039 tunica
1110 2960 1313 3051 discoides,
1343 2955 1394 3039 id
1402 2957 1455 3066 <st
1476 2963 1518 3060 di
1535 2992 1578 3047 oo

453 3065 598 3183 semilis
621 3085 690 3154 aut
705 3062 982 3175 lenticularisi
1008 3070 1127 3173 figura
1155 3091 1328 3174 vocatur,
1355 3066 1465 3161 aut-i
1479 3100 1576 3166 con,-

469 3203 579 3263 cteto
609 3184 774 3263 humore
806 3179 1086 3282 crystalloides:
1128 3205 1271 3285 nempe
1295 3183 1454 3286 quidam
1477 3188 1580 3267 hanc

466 3317 594 3395 neque
621 3297 806 3377 tunicam
836 3291 1108 3398 appellandam
1149 3292 1222 3372 effe
1244 3293 1447 3375 censent:
1483 3322 1576 3377 nam

468 3405 779 3488 membranosam
809 3406 1005 3514 quandam
1035 3406 1352 3508 congelationem
1372 3403 1444 3511 else
1471 3410 1580 3490 dixe·

467 3533 571 3597 lunt.
