3510 4830
267 287 269 291 ’
302 279 383 386 De
406 277 568 417 Veficae
593 275 859 416 Renumqae
898 273 1151 412 rffHibus.
1218 270 1223 283 ’
1255 317 1286 416 9

171 467 383 574 'oportebit
444 465 635 545 Constant
660 487 792 545 autern
821 491 867 545 ex
894 470 1033 548 veratri
1059 471 1158 571 nigri
1181 468 1290 550 inlu?

171 581 290 672 stone,
320 584 360 658 in
390 575 468 682 qui
497 581 614 655 etiam
646 577 934 680 permaduerint
959 582 1161 686 raphanus,
1182 584 1283 670 allia,

169 695 350 797 &pulpa
379 688 675 787 colocynthidis.
716 691 865 768 Licebit
890 714 1048 794 quoque
1077 697 1120 771 in
1146 691 1283 781 mutii,

162 805 232 881 vel
261 795 360 900 aqui
382 795 544 887 marini,
572 799 636 873 vel
670 819 781 875 aceto
809 823 1025 876 macerare:
1053 821 1141 879 tum
1159 826 1284 903 pauco

167 913 265 990 oleo
291 908 493 999 admixto,
528 926 570 984 ut
598 907 792 985 lubricum
823 905 881 1001 stt,
920 905 980 984 his
1005 909 1119 987 rebus
1155 914 1284 988 alvum

169 1018 416 1124 perfundere,
432 1015 653 1118 juberbque‚
677 1038 719 1095 ur
732 1014 850 1118 quim
875 1023 1049 1121 poterint
1071 1014 1284 1099 diutilhtne

171 1135 382 1209 retineant.
450 1130 512 1207 Eo
544 1130 637 1231 saepe
674 1130 880 1231 purulenta
924 1131 1105 1210 colleliio
1136 1131 1281 1233 frangi·

167 1261 244 1333 tur,
272 1243 313 1318 lic
331 1238 593 1318 consanesclt:
616 1239 877 1320 nihilominus
897 1261 1030 1320 tamen
1044 1242 1213 1346 spongiis
1225 1241 1282 1321 ul-

167 1376 247 1454 que
266 1350 401 1428 fovere
426 1353 614 1451 convenit
645 1357 685 1430 &
709 1353 909 1456 emplastra
933 1354 1133 1444 inducere,
1157 1373 1201 1431 ut
1213 1354 1283 1433 do·

167 1463 230 1541 lor
240 1462 373 1543 omnis
400 1465 609 1554 minuatur,
629 1467 668 1539 &
695 1486 764 1564 pus
791 1487 842 1541 ex
863 1464 975 1541 'facili
1001 1464 1177 1564 profluat.

581 1792 803 1889 Cnrur
839 1793 899 1893 X.

258 2059 377 2195 ,ΞΜ
398 2057 605 2158 movendo
625 2057 775 2156 urinas
795 2062 943 2159 ulcera
965 2062 1205 2194 detergunt.

167 2299 409 2626 Dhnda
435 2304 574 2387 itidem
603 2305 692 2388 sunt
719 2328 802 2408 quae
827 2333 896 2415 per
930 2314 1060 2392 urinas
1100 2325 1284 2415 purgent,

185 2554 197 2606 1

318 2420 455 2499 ulceris
472 2412 604 2499 habiti
624 2421 799 2498 ratione:
826 2421 936 2526 quod
952 2417 981 2500 st
1009 2420 1207 2502 tratirbile
1222 2413 1282 2511 fit,

199 2531 224 2607 d
262 2551 394 2606 autem
432 2530 623 2605 denotant
657 2528 804 2621 febres,
847 2538 887 2610 δι
918 2534 1075 2612 dolores
1101 2534 1281 2621 leviores,

167 2643 302 2739 &quae
329 2638 372 2712 in
398 2632 521 2711 urinis
546 2650 730 2731 apparent
765 2640 977 2732 mirabilia,
1000 2639 1098 2723 alba,
1129 2642 1170 2713 oe
1193 2637 1282 2710 ino·

168 2747 279 2837 dora,
297 2766 389 2821 curn
412 2739 597 2819 facilitate
608 2736 795 2842 meiendi)
824 2743 981 2820 mitiora
1012 2740 1283 2821 exhibeantur.

171 2858 295 2951 Cujus
327 2851 478 2957 generis
521 2848 610 2929 sunt
646 2853 811 2955 peponis
855 2851 1025 2946 semen,l
1064 2830 1284 2959 primatuni

168 2961 384 3054 decostunn
422 2963 488 3040 iris
514 2981 676 3066 excepta
712 2960 853 3053 melle,
891 2962 1084 3068 &ipsum
1105 2966 1185 3044 mel
1210 2986 1281 3067 per

54 3129 57 3138 ·
168 3079 217 3157 se.
286 3069 391 3152 Etsi
425 3073 511 3172 quis
542 3065 732 3152 valentibs
771 3096 933 3177 purgare
962 3075 1083 3168 volet,
1126 3075 1283 3174 usurpet

170 3187 301 3290 capilli
324 3184 491 3267 Veneris
529 3182 734 3263 decoctum
765 3207 858 3263 curn
893 3180 989 3288 aqui
1013 3177 1152 3278 mulli,
1198 3184 1283 3284 gal·

171 3299 331 3385 barrum,
381 3315 663 3396 opopanacem,
704 3286 868 3368 resinam
907 3294 1138 3372 terebinthi:
1195 3314 1283 3371 turn

170 3410 216 3485 in
248 3399 345 3504 aqui
376 3403 612 3507 liquefaciat,
645 3419 759 3506 atque
782 3403 850 3479 ubi
875 3424 972 3504 aqua
995 3403 1222 3485 referbuerit
1244 3411 1285 3487 ὅ(

172 3516 391 3610 substiterit,
411 3519 599 3620 percolo,
620 3518 659 3593 δε
672 3538 721 3594 ex
732 3511 861 3591 mulso
876 3533 942 3595 aut
956 3515 1052 3597 vino
1066 3516 1283 3598 bibendum

173 3625 383 3731 exhibeat..
417 3628 507 3707 Haec
524 3626 686 3730 quidem
706 3625 899 3734 ulceribus
910 3629 1040 3715 murus
1049 3627 1212 3714 morosis
1226 3646 1285 3730 atg

171 3762 249 3842 que
267 3729 489 3819 difficilibus
514 3739 759 3820 auxiliantur.

695 3959 784 4040 Dr
1087 3953 1289 4049 error
