3510 4830
309 284 372 373 41
639 254 827 346 Ruttr
860 250 1102 344 Ernestt

311 433 470 517 rotundi
489 432 594 526 ferri,
622 429 705 536 qui)
732 433 976 539 ptaefiguntur
1000 450 1131 526 aratra,
1171 426 1423 513 fimilitudine

312 564 426 625 vocat
453 573 462 620 :
491 544 632 624 deinde
664 569 815 636 cavum,
850 544 958 647 quod
985 544 1166 645 sequitur,
1205 541 1338 624 multis
1359 561 1423 652 ap·

306 651 576 764 pellatiorribus
592 654 837 763 exprimitur:
857 655 1052 732 muliebris
1066 656 1173 731 enim
1199 651 1298 732 finus
1325 654 1423 732 diei·

312 786 390 857 rur,
416 759 611 844 muliebres
638 763 724 855 loci,
750 779 893 857 uterus,
923 786 970 842 ac
989 757 1129 842 vulve.
1186 764 1261 838 Sed
1291 784 1422 841 torum

314 876 487 978 genitale
504 899 598 985 eum
616 876 869 956 exterioribus
887 873 1127 980 pudendum,
1140 867 1423 981 obsceniorique

313 981 492 1066 vocabulo
515 1007 671 1065 cunnus.

371 1095 428 1171 At
456 1101 557 1173 circa
575 1087 683 1174 telles
705 1097 843 1174 tunicae
860 1094 948 1172 sunt
976 1091 1141 1174 Latinis
1164 1108 1337 1173 carentes
1360 1116 1425 1174 no·

316 1199 680 1285 minibusiGraecis
702 1217 832 1284 autern
851 1204 1091 1302 erythroides
1117 1228 1207 1296 una,
1233 1205 1361 1281 dartos
1373 1206 1425 1279 al·

318 1333 399 1392 tera
421 1318 671 1393 nominatur:
704 1338 843 1392 nervus
863 1338 1019 1416 quoque
1041 1338 1131 1390 cum
1169 1316 1303 1391 arteria
1332 1337 1427 1391 con·

318 1448 430 1503 cavus
444 1425 491 1501 ad
509 1426 643 1503 tellem
670 1428 859 1526 pervenit,
876 1424 944 1530 qui
955 1421 1150 1529 firsperrsor
1173 1419 1346 1529 rinostris
1368 1418 1426 1501 di-

321 1536 357 1615 ci
369 1530 515 1642 peresi:
547 1535 767 1612 cremastera
789 1532 916 1612 Greci
935 1552 1182 1637 nuncupant:
1208 1536 1354 1612 venulae
1367 1554 1429 1633 pa-

320 1649 414 1722 riter
433 1646 480 1721 ad
510 1646 641 1735 telles,
682 1642 786 1720 unde
816 1647 1069 1723 nutriuntur:
1115 1645 1249 1747 haeque
1276 1643 1429 1722 testium

320 1755 472 1831 altrices
486 1759 752 1831 nominantur.

376 1862 556 1943 Aliarum
576 1887 734 1966 quoque
752 1886 938 1942 venarum
957 1870 1136 1957 nomint,
1156 1864 1213 1962 (ut
1225 1862 1345 1941 semel
1370 1862 1430 1939 di·

323 1981 451 2078 cam,)
486 1973 565 2054 haec
583 1975 692 2051 sunt:
713 1969 740 2047 sr
758 1976 942 2075 gracilem
960 1981 1134 2054 tunicam
1160 1974 1316 2066 habent,
1345 1973 1430 2050 san·

322 2079 518 2190 guinique
561 2086 821 2186 complentur,
861 2109 965 2165 venae
999 2086 1124 2165 sunt:
1169 2107 1308 2162 omnes
1335 2075 1431 2162 verit

319 2219 471 2293 magnae
498 2218 605 2274 venae
639 2217 736 2271 ctvae
764 2195 1036 2296 appellantur:
1075 2195 1203 2297 postea
1223 2197 1326 2270 inter
1349 2216 1430 2270 me·

321 2303 432 2380 dicos
453 2304 540 2380 usus
562 2306 749 2393 obtinuit,
777 2323 819 2381 ut
835 2327 877 2379 ea
894 2327 991 2381 vena
1016 2330 1099 2404 quae
1122 2301 1144 2382 ἃ
1169 2310 1298 2402 jecore
1314 2307 1429 2380 inre.

321 2437 393 2491 nes
418 2416 650 2515 propagines
676 2415 811 2503 mittit,
843 2436 935 2490 cava
962 2413 1180 2500 diceretur:
1202 2416 1244 2487 in
1278 2436 1322 2489 ea
1346 2435 1432 2513 pta·

323 2544 483 2623 xagotas
501 2525 659 2600 initium
687 2521 759 2598 effe
781 2520 951 2599 febrium
974 2516 1200 2598 affirmavit:
1234 2517 1435 2620 solimque

325 2654 414 2712 eam
443 2653 574 2707 cavam
598 2627 678 2730 ipse
703 2629 934 2705 nominavit.
993 2624 1191 2708 Caetenim
1209 2630 1275 2705 alii
1300 2636 1434 2709 &eam

327 2767 412 2844 quae
435 2740 583 2818 sursum
606 2743 650 2813 in
683 2760 753 2813 cot
778 2760 847 2838 per
872 2738 1129 2818 transversum
1169 2738 1375 2817 discrimen
1399 2763 1436 2818 n

328 2850 448 2937 vadit,
480 2851 544 2924 alii
565 2851 602 2922 ὅ(
620 2843 734 2934 hanc,
765 2848 990 2947 &priorem
1019 2853 1140 2928 unico
1164 2849 1435 2929 vocabulohe·

329 2960 484 3062 patitim
496 2951 659 3048 (Latine
659 2950 895 3061 jecorariam
906 2951 1068 3048 dixeris,
1082 2964 1095 3060 )
1110 2959 1283 3035 vocitant
1298 2985 1307 3033 :
1328 2953 1350 3035 i
1368 2960 1436 3039 lie·

330 3090 383 3148 ne
420 3083 630 3146 exeuntem
667 3061 863 3165 splenitin,
888 3061 936 3143 id
967 3063 1020 3170 est
1041 3064 1252 3148 lienariam.
1311 3068 1438 3146 Caete·

330 3173 421 3261 mm
445 3200 530 3255 non
556 3173 889 3276 quemadmodum
914 3179 957 3253 in
981 3181 1122 3275 jecore,
1146 3183 1250 3258 ita&
1278 3181 1322 3253 in
1332 3180 1438 3258 liene

334 3285 482 3367 lutsum
496 3284 635 3378 versus,
662 3282 920 3390 deorsiimque
941 3291 985 3366 in
1010 3285 1150 3367 sinistra
1169 3307 1277 3392 perte
1295 3288 1439 3368 discut·

331 3419 422 3476 rens
440 3397 519 3475 ulla
537 3420 637 3476 vem
653 3401 863 3497 reperitur:
892 3404 961 3497 qui
986 3394 1082 3478 verti
1097 3400 1139 3476 id
1165 3400 1341 3492 efferunt,
1365 3405 1461 3478 im·

336 3504 526 3609 pudenter
565 3507 809 3585 mentiuntur
835 3534 846 3582 ι
880 3506 1198 3611 quandoquidem
1223 3512 1371 3593 venulae
1396 3515 1439 3589 in

336 3618 485 3695 lienem
507 3617 744 3720 pertinentes
772 3621 810 3694 ἀ
840 3620 999 3716 graciles
1017 3619 1116 3713 sunt,
1154 3629 1193 3702 &
1227 3621 1373 3702 ibidem
1396 3623 1438 3699 in

337 3728 444 3806 liene
457 3725 654 3805 finiuntur.
709 3725 882 3806 Philistio
901 3729 1015 3807 Italus
1041 3733 1215 3813 medicus
1232 3758 1305 3837 pro
1324 3734 1438 3809 Dori-

337 3832 487 3919 ensrum
519 3860 606 3918 eam
633 3856 785 3944 partem
808 3841 1071 3949 incolentium
1095 3867 1220 3940 more,
1256 3842 1439 3948 quasdam

1322 3974 1439 4036 venes
