3510 4830
499 244 577 344 De
596 241 807 345 Partibus
844 248 1062 352 Hominis.
1264 292 1329 377 52

223 441 308 499 tum
343 444 424 521 quo
461 417 571 496 telles
595 423 870 514 continentur,
918 426 1151 527 appellatur:
1189 450 1328 506 corum

221 532 392 635 superior
415 553 497 632 pars
530 549 644 632 caput
669 531 731 623 cll,
771 534 932 610 inferior
965 535 1156 612 fundum:
1175 556 1327 637 partem

220 646 407 720 laxiorem
432 639 548 718 scroti
569 644 812 743 laccopedon
834 646 983 725 dicunt.

270 751 527 827 Muliebrium
566 750 748 827 locorum
790 779 872 854 pars
899 758 1068 855 superior
1088 754 1222 855 peiren
1244 754 1318 833 cst:

215 859 339 938 fiss‘um
365 852 460 935 vcro
489 861 612 960 prima
641 857 797 939 divisio:
834 867 875 938 in
911 865 1042 940 medio
1073 862 1139 941 sita
1170 867 1322 942 muscu-

215 970 296 1048 losa
320 972 525 1045 caruncula
561 990 736 1068 myrtoo,
773 994 836 1049 aut
868 973 1039 1076 nympha
1068 974 1141 1051 cst:
1178 996 1324 1073 myrto-

186 1120 189 1126 ·
215 1080 315 1157 chila
334 1078 428 1159 vcro
450 1075 471 1153 :i
494 1081 675 1157 lateribus
698 1081 897 1160 collocatae
925 1089 1065 1185 pinna,

264 1186 378 1269 Dorst
408 1188 483 1266 offa
525 1193 706 1271 vertebra
744 1193 868 1271 sunt:
914 1196 1089 1272 universa
1130 1196 1320 1273 vertebra-

210 1325 297 1378 rum
336 1324 528 1401 compago
569 1300 676 1403 spina
717 1304 886 1381 dicitur:
925 1310 1031 1400 cujus
1063 1303 1196 1383 infima
1234 1330 1321 1407 pars
1443 1364 1451 1378 .

209 1413 364 1490 lumbi:
399 1405 713 1513 postremumque
736 1413 835 1492 dorsa
870 1416 1018 1495 sacrum
1043 1441 1087 1494 os
1109 1416 1183 1495 cst:
1211 1417 1321 1514 quod

121 1509 126 1517 ’
208 1522 327 1620 aliqui
352 1518 706 1618 hypospondylon,
730 1516 775 1597 id
790 1519 843 1625 est
848 1518 1152 1625 subvertebant,
1176 1536 1222 1599 ut
1232 1545 1321 1602 ver·

212 1627 297 1708 bam
327 1623 443 1708 verbo
491 1622 687 1721 reddatur,
729 1635 978 1736 appellarunt.
1035 1635 1158 1730 Hujus
1200 1654 1319 1710 extre·

209 1763 322 1817 mum
353 1761 503 1839 coccyx
537 1737 601 1831 cst,
635 1736 800 1823 Latinb'
818 1741 970 1823 cuculus
995 1771 1007 1819 .·
1045 1739 1065 1822 i
1093 1744 1320 1823 lumborum

207 1852 388 1928 lateribus
404 1869 511 1928 nates
540 1847 652 1927 sunt:
681 1853 762 1956 post
803 1855 960 1934 lumbos
991 1857 1155 1933 carnosae
1195 1872 1319 1956 partes

129 1962 130 1965 ’
209 1965 341 2040 clunes
365 1963 560 2062 appellata
582 1957 777 2041 sttaefunt:
796 1990 879 2065 quae
902 1966 1182 2068 &ephedrana
1210 1958 1319 2063 quod

197 2071 381 2148 ,sedendo
407 2070 625 2148 commodae
647 2067 732 2161 lint,
759 2066 784 2150 a*
816 2071 965 2154 Graecis
995 2077 1263 2150 nominantur.

263 2184 428 2283 Inguina
445 2180 533 2256 sunt
553 2180 751 2259 femorum
777 2187 988 2288 principia:
1014 2183 1212 2261 femorum
1237 2207 1317 2285 pac·

206 2311 262 2369 res
275 2296 479 2369 interiores
488 2291 655 2371 foemina
670 2295 771 2386 sunt,
788 2320 872 2397 quae
886 2317 1011 2397 partes
1024 2296 1125 2373 inter
1137 2291 1204 2371 has
1218 2297 1319 2398 peri·

202 2398 401 2505 netimque
419 2405 520 2499 sunt,
544 2400 779 2508 plichadesd
797 2403 946 2486 Grecis
969 2408 1164 2485 dicuntur.
1208 2403 1320 2484 Mus·

202 2516 352 2593 collad
380 2538 506 2608 genua
529 2517 735 2594 tendentes
764 2517 991 2615 cpigunidcs
1015 2516 1147 2597 Graeco
1170 2515 1319 2598 nomine

203 2638 431 2700 vocantur:
476 2613 553 2692 offa
605 2616 879 2718 superjacentia
906 2625 1204 2717 epigunatidcs:
1239 2625 1318 2703 haec

200 2734 456 2832 Hippocrates
475 2727 598 2803 molas
613 2746 740 2816 vocat,
761 2722 906 2806 Latini
920 2719 1101 2833 patellas.
1136 2723 1250 2803 Genu
1263 2728 1317 2808 est

202 2842 363 2918 femoris
385 2863 475 2916 cum
501 2861 611 2915 crure
641 2842 864 2917 connexio:
895 2837 965 2915 sub
980 2861 1061 2937 quo
1088 2840 1225 2941 poples
1250 2840 1312 2917 cll.

204 2954 297 3030 Sura
317 2950 368 3027 eli
386 2949 572 3055 posterior
587 2976 748 3053 magnus
762 2954 887 3051 cruris
901 2949 1115 3027 musculus:
1142 2948 1247 3027 unde
1261 2950 1313 3027 la·

200 3085 261 3142 rus
273 3087 414 3141 nervus
433 3063 480 3136 ad
498 3063 646 3140 calcem
672 3062 823 3140 tendit:
844 3055 987 3138 ollium
1008 3054 1107 3137 vero
1130 3059 1315 3160 posterius

193 3180 299 3252 -item
317 3174 456 3263 suram,
476 3177 578 3273 prius
601 3175 737 3250 tibiam
767 3173 912 3250 dicito:
953 3188 1123 3247 extrema
1149 3170 1311 3270 pedibus

159 3331 160 3334 κ
200 3287 418 3387 propinqua
432 3281 620 3373 malleoli,
656 3277 893 3360 ainonnullis
904 3283 985 3372 tali,
1010 3276 1074 3357 sed
1100 3302 1184 3361 nou
1212 3276 1313 3361 reste

200 3397 393 3472 dicuntur.
437 3394 527 3470 Tali
549 3411 681 3469 tamen
703 3399 739 3471 lle
753 3388 980 3495 iplaadsunt,
1012 3391 1075 3467 scd
1090 3412 1174 3468 non
1186 3395 1310 3469 oculis

199 3506 409 3608 conspicui.
429 3506 528 3582 Calx
541 3503 726 3606 posterior
740 3504 791 3581 est
802 3503 908 3606 pedis
924 3503 1092 3581 rotunda
1103 3525 1187 3604 pars
1202 3531 1209 3579 :
1226 3501 1309 3606 post

201 3641 321 3716 quam
330 3641 466 3695 cavum
477 3614 642 3717 pediscst
658 3645 665 3692 :
688 3615 858 3719 posthoc
876 3610 970 3692 vcro
986 3616 1131 3717 planta,
1151 3614 1214 3691 scu
1227 3612 1306 3689 vcs-

197 3731 340 3828 tigium
357 3730 443 3803 :cui
465 3722 685 3827 oppositum
711 3728 930 3827 supremum
944 3725 1148 3802 tarsuscll:
1175 3741 1307 3808 totum

196 3834 289 3924 vcro
302 3838 409 3939 pedis
425 3831 674 3939 fitumpezam
689 3836 815 3917 Graeci
843 3856 998 3912 vocant.
1022 3831 1171 3909 Pedum
1196 3833 1308 3931 digiti

197 3970 384 4030 manuum
397 3947 524 4050 digitis
539 3948 862 4051 appellationibus
875 3943 1122 4128 responden&
1141 4043 1225 4128 UF
1247 4048 1270 4123 F
1294 4045 1310 4122 I
