3510 4830
595 289 673 390 De
693 285 906 389 Partibus
929 286 1149 391 Hominis.
1372 295 1433 414 38
1456 282 1459 287 ¹

324 505 459 594 partes,
486 488 777 594 intersepientes
796 489 1060 594 appellantur:
1088 512 1172 591 qua
1194 484 1313 565 collas
1334 488 1436 567 inte.

322 604 400 678 rius
426 601 604 693 vestiunt,
642 600 918 701 succingentes.
948 603 1193 688 Membrana,
1231 624 1315 699 qua
1344 613 1433 702 pec·

320 714 416 788 toris
434 711 579 789 viscera
599 713 647 788 ab
675 712 925 791 inferioribus
941 711 1137 814 disjungit,
1172 710 1430 789 transversum

320 822 487 920 septum,
504 825 542 897 ὁ(
567 819 743 920 phrenes.

378 930 438 1004 Ex
459 928 774 1033 glandulosarum
802 933 978 1009 carnium
1000 953 1155 1032 genere,
1178 952 1275 1041 qaas
1291 924 1433 1008 adnm

322 1034 453 1117 Graeci
488 1054 646 1130 vorm,
683 1041 835 1136 (multae
890 1060 1019 1121 autem
1055 1040 1179 1145 sunt,)
1220 1043 1352 1139 aliquae
1392 1044 1433 1116 in

321 1149 441 1242 collo,
470 1152 673 1228 nonnullae
699 1153 767 1230 sub
797 1153 879 1242 alis,
919 1152 1095 1255 quaedam
1123 1154 1164 1228 in
1194 1150 1431 1252 inguinibus,

319 1261 399 1337 aliae
424 1264 466 1337 in
484 1263 664 1340 mesaraeo
685 1275 824 1342 vocato
854 1265 1104 1370 reperiuntur.
1163 1263 1312 1342 Carnes
1334 1285 1432 1360 quat-

317 1369 408 1447 dam
439 1374 579 1450 leniter
607 1373 840 1476 subpingues
870 1399 914 1451 ac
933 1374 1084 1479 fragiles
1102 1374 1209 1452 sunt:
1239 1375 1342 1448 inter
1362 1370 1428 1446 has

317 1484 358 1557 ὃ(
375 1501 536 1557 vocatus
565 1482 723 1579 thymus
748 1503 997 1559 numeratur:
1028 1487 1158 1582 quiin
1183 1485 1343 1579 regione
1364 1503 1426 1556 ea·

317 1589 410 1690 pitis
432 1589 559 1667 cordis
582 1593 730 1670 locatus
756 1590 818 1682 cll,
850 1592 1019 1695 septimae
1041 1592 1137 1669 colli
1161 1589 1343 1666 vertebrae
1371 1588 1429 1664 in-

318 1692 454 1790 stdens,
490 1702 701 1804 asperaeque
743 1704 883 1781 arteria
916 1720 1104 1794 extremo,
1133 1724 1210 1803 qua
1239 1722 1330 1777 eum
1348 1697 1432 1800 pul·

315 1831 439 1889 mone
467 1816 742 1906 committitur,
763 1812 1040 1892 adhaerescens:
1066 1837 1151 1894 non
1177 1815 1220 1890 in
1246 1810 1432 1888 omnibus

311 1938 447 2002 tamen
469 1926 651 2001 inventus
674 1924 737 2002 est.

373 2031 454 2106 Sub
477 2034 693 2108 transverso
733 2035 842 2136 septo
861 2052 997 2110 venter
1028 2032 1078 2106 est
1103 2059 1114 2107 ε
1142 2033 1249 2124 cujus
1278 2027 1430 2105 summa

315 2161 425 2244 pars,
465 2136 664 2243 primique
706 2144 913 2221 ventriculi
936 2164 1086 2220 nomen
1113 2138 1253 2216 habet:
1287 2136 1430 2215 deinde

312 2253 461 2355 primus
470 2253 637 2330 intestini
653 2275 807 2334 exortus
816 2249 1017 2359 hostiarius
1030 2245 1192 2342 Latini,
1195 2247 1265 2358 seu
1259 2245 1429 2357 janitor,

310 2358 448 2442 Graece‘
488 2362 646 2466 pyloros
681 2365 734 2443 est
770 2395 778 2444 :
825 2365 953 2471 postea
990 2367 1168 2461 jejunum
1202 2360 1429 2438 intestinum

313 2472 465 2575 semper
489 2480 679 2563 alimento
700 2481 896 2579 privatum
918 2505 930 2554 ε
960 2477 1065 2554 unde
1094 2471 1161 2577 ipst
1179 2495 1338 2576 quoque
1359 2493 1427 2549 vo

314 2583 501 2656 cabulum
531 2580 632 2652 fuit:
661 2582 720 2651 isti
752 2591 989 2652 continuum
1020 2587 1164 2674 gracile
1201 2582 1427 2658 intestinum

315 2687 377 2766 est.
436 2688 498 2762 Ex
523 2686 656 2786 gracili
678 2684 807 2788 biceps
828 2682 961 2787 prodit
976 2702 1153 2759 exortus:
1173 2700 1336 2760 vocatur
1361 2709 1424 2764 au·

276 2842 281 2851 -
314 2816 398 2875 tem
424 2799 541 2874 altera
567 2798 647 2891 ejus
679 2819 764 2901 pars
789 2818 946 2874 coecum
967 2792 1204 2886 intestinum,
1238 2795 1428 2894 quoniam

314 2930 445 2989 revera
474 2930 630 2985 coecum
658 2904 734 2984 est:
765 2908 884 2984 altera
911 2905 1032 2983 colon
1050 2899 1196 2995 Graeci,
1221 2909 1262 2984 δε
1286 2927 1426 2986 venter

315 3017 505 3112 inferior,
538 3009 587 3106 όν
601 3012 735 3099 laxum
752 3013 972 3124 intestinum
994 3009 1020 3094 ὰ
1045 3010 1210 3094 Latinis
1234 3044 1247 3092 .·
1277 3016 1320 3091 id
1339 3019 1428 3095 Ho-

311 3133 506 3210 merus&
536 3129 692 3204 niaetam
715 3129 894 3234 appellat.
952 3125 1013 3202 Est
1046 3144 1179 3202 autem
1207 3142 1339 3202 totum
1365 3130 1423 3205 in-

310 3239 543 3319 testinorum
562 3237 766 3316 vinculum
789 3263 834 3323 ac
858 3238 1163 3326 firmamentum,
1208 3232 1315 3336 quod
1341 3257 1422 3314 me·

313 3349 526 3442 senterion,
562 3371 608 3426 ae
650 3345 859 3428 mesaraeon
896 3341 1025 3424 Graeci
1058 3362 1212 3422 vocant.
1269 3343 1422 3426 Aream

313 3454 410 3539 verb
443 3464 482 3540 δι
500 3479 692 3553 ventrem,
713 3463 753 3538 ὅ(
777 3479 900 3537 omne
923 3455 1149 3539 intestinum
1179 3450 1421 3536 vetustill'rmi

316 3567 445 3651 Graeci
470 3572 726 3676 appellabant,
749 3592 798 3648 ex
815 3592 896 3673 quo
922 3565 970 3648 ad
995 3565 1075 3654 hee
1094 3567 1216 3674 usque
1242 3588 1421 3671 tempora

312 3680 394 3764 hoc
416 3702 566 3761 nomen
591 3685 797 3771 mesartton
823 3682 1041 3767 derivantur
1070 3679 1134 3773 eli,
1175 3676 1321 3759 Latini
1341 3673 1423 3758 lac-

312 3809 375 3875 tes
404 3787 600 3907 appellaffe
635 3789 830 3879 videntur.
886 3790 975 3870 Post
1009 3790 1153 3894 grande
1193 3785 1420 3867 intestinum

317 3904 439 3993 colon
461 3902 697 4013 appellatum
714 3900 934 4095 redumLed
955 3903 1067 4000 juxta
1089 3895 1222 3982 sedem
1248 3922 1293 3977 ac
1308 3895 1423 4019 prin·

913 4037 937 4092 2
1284 4023 1446 4112 stipem..
