3510 4830
478 74 1111 321 duomilia
1286 88 1355 347 v,

94 500 98 507 .
234 431 283 512 δι
302 409 487 528 trahant,
514 409 663 552 itaque
680 410 862 512 demum
885 408 1170 512 secretionum
1194 449 1342 553 quan·

232 564 401 651 titatem
432 549 683 722 adaugeant,
723 549 832 692 quid
856 562 1009 652 animo
1040 549 1246 693 consequi
1270 549 1336 651 fa·

228 697 352 790 cilius
371 691 446 803 est,
483 727 620 826 quam
646 688 770 829 quod
788 686 992 789 humores
1009 695 1178 828 aliquot
1203 687 1334 814 hujus

229 824 370 967 quam
400 829 513 922 illius
537 822 756 922 cathartici
791 834 1009 960 particulis
1034 826 1110 924 sele
1144 864 1334 964 prompo

227 963 313 1066 tius
359 979 406 1059 δι
447 956 600 1056 fortids
639 959 895 1099 adjungant,
939 959 1126 1100 ideoque
1174 963 1333 1061 diverss

224 1108 455 1239 purgantia
523 1098 727 1211 ostulent,
764 1133 865 1235 quae
899 1135 970 1196 eos
996 1136 1073 1236 per
1105 1102 1331 1198 intestino

224 1275 325 1336 rum
369 1134 589 1373 glandblas
623 1233 852 1334 abducant.
933 1242 1090 1336 Nemo
1115 1276 1220 1336 vero
1249 1240 1327 1353 est,

212 1383 303 1515 qui
328 1370 490 1510 Teipso
518 1370 673 1470 melius
706 1373 818 1472 hanc
856 1377 979 1473 litem
1023 1373 1211 1501 dirimat,
1256 1386 1327 1473 cui
1388 1466 1395 1479 .

222 1521 509 1648 purgantium
536 1508 732 1640 indolem
759 1545 852 1609 tam
877 1515 1108 1648 multiplex
1135 1510 1231 1610 usus
1248 1552 1325 1609 ex·

221 1652 420 1786 plicavit:
448 1686 503 1765 ea
530 1658 651 1748 enim
690 1645 906 1747 medicina
939 1647 992 1746 ad
1026 1659 1324 1748 maniacorum

218 1792 489 1885 curationem
509 1785 757 1924 plurimum
775 1784 960 1901 confert,
995 1825 1190 1928 quorum
1214 1791 1327 1886 vale-

219 1921 363 2022 tudini
397 1923 571 2023 summal
587 1963 693 2025 curn
713 1922 788 2024 tud
809 1922 933 2024 laude
958 1943 1003 2024 δι
1029 1961 1248 2063 aegrorum
1268 1962 1321 2021 u·

219 2062 371 2150 tilitate
385 2060 462 2151 dib
478 2059 748 2189 prospexisti.

277 2332 457 2433 -Ultima
482 2363 577 2464 pars
605 2323 734 2455 hujus
766 2329 900 2432 libelli
946 2327 1188 2430 univerbm
1224 2366 1317 2428 rem

213 2472 521 2578 anatomicam,
566 2464 764 2602 perbrevi
822 2472 921 2567 licet
968 2465 1121 2604 spatio,
1183 2472 1321 2565 oculis

213 2611 368 2706 nostris
393 2598 576 2723 subjicit.
612 2600 755 2718 de
779 2604 882 2700 verb
907 2603 986 2701 hac
1010 2618 1059 2702 in
1075 2637 1162 2702 arte
1185 2609 1322 2735 pluri-

213 2743 345 2842 mdm
376 2729 590 2873 profuerit
618 2728 769 2865 Rufus,
817 2732 861 2830 id
885 2731 1097 2865 Herophilo
1124 2736 1315 2835 maxim&

210 2878 402 2985 debetur,
434 2880 513 3010 qui
540 2866 681 2967 adhuc
703 2867 858 2968 rudem
883 2889 929 2971 &
949 2875 1172 3008 vulgarem
1205 2869 1315 2972 hanc

209 3014 427 3114 scientiam
454 3003 586 3144 pauli)
616 3002 807 3105 subtilitis
838 3014 1051 3109 excoluit:
1089 3019 1129 3104 Is
1158 3021 1311 3109 enim³

211 3184 449 3252 nervorum
484 3154 742 3283 propagines
771 3144 889 3283 prius
915 3158 1208 3283 incompertus
1224 3159 1314 3283 pri-

210 3329 310 3389 mus
327 3288 428 3389 inda
458 3292 560 3380 avit.
630 3282 757 3383 Adeb
778 3316 924 3382 autem
941 3285 994 3383 ab
1014 3282 1197 3382 humani
1216 3322 1312 3380 cor-

210 3441 325 3565 poris
359 3426 404 3527 di
437 3423 678 3522 ustionibus
726 3455 883 3523 veteres
924 3420 1224 3538 abhorrebant,
1261 3450 1311 3517 ut

333 3710 344 3735 ⁸
368 3700 440 3764 Gal.
462 3704 499 3766 de
520 3699 620 3766 diffec.
637 3701 747 3765 Vulva
766 3697 840 3782 Cap.
862 3717 887 3779 5.

523 3854 537 3914 3
1245 3818 1312 3953 vel
