3510 4830
333 246 398 350 16
633 252 823 347 Rusti
866 234 1120 344 Enniam

329 422 582 529 digestionem
608 426 753 519 abolet,
777 444 955 530 praterea
984 447 1069 503 non
1089 418 1327 504 siticulosum
1351 429 1440 506 red-'

325 539 396 628 dit,
421 535 484 616 sed
498 538 725 618 famelicum
737 571 753 626 ς
776 555 900 614 terere
912 554 1042 614 autem
1056 554 1213 637 oportet
1234 558 1323 612 cum
1335 537 1439 617 bras·

326 643 406 726 lica
425 667 489 727 aut
510 646 655 752 lapathi
674 649 803 742 succo,
824 653 863 728 δε
879 646 1049 725 formare
1080 648 1271 748 catapotia
1294 653 1440 747 partim

324 760 458 835 ciceris
479 764 621 860 partim
649 757 743 835 sabae
773 756 1066 858 magnitudine:
1086 758 1440 836 &cumexinanire

321 867 560 959 collibuerit,
579 868 659 946 duo
672 886 736 945 aut
750 868 822 944 tria
836 870 1020 967 ingerere.
1050 865 1440 946 Convenientetiam

323 980 403 1072 ejus
426 979 579 1076 globuli
595 1001 685 1052 cum
698 971 818 1052 refina
841 977 1021 1078 apparati,
1039 994 1104 1051 aut
1117 998 1207 1052 cum
1221 978 1338 1053 melle
1350 1001 1438 1056 coc·

319 1077 378 1173 to,
413 1107 552 1163 eorum
587 1084 697 1163 causa
731 1080 900 1161 maximb
929 1086 1070 1184 quibus
1106 1086 1364 1163 intolerabilis
1386 1085 1439 1166 est

319 1194 549 1274 amaritudo.
608 1197 716 1305 Quin
760 1197 878 1272 etiam
904 1194 1149 1273 scammonio
1192 1194 1338 1272 utiliter
1372 1197 1436 1274 ad·

320 1303 517 1398 miscetur,
534 1323 750 1384 aureorum
763 1306 888 1395 alteri,
916 1328 1000 1406 quae
1019 1302 1205 1383 stomachi
1222 1301 1436 1399 dissolutio-

321 1437 421 1491 nem
442 1415 604 1507 faciunt,
632 1436 885 1518 praterquam
915 1414 1023 1516 quod
1047 1412 1173 1492 febres
1189 1413 1438 1514 quotidianas

320 1521 439 1618 sanat,
461 1527 640 1626 arquatis,
665 1531 705 1604 δι
728 1528 909 1622 jecinoris
927 1527 1032 1604 vitiis
1052 1522 1253 1614 subvenit,
1280 1525 1360 1601 cibi
1382 1524 1437 1605 fa-

318 1632 426 1712 stidia
437 1640 475 1712 &
486 1635 690 1713 cruditates
705 1637 888 1714 emendat
910 1639 952 1714 in
965 1635 1204 1721 hominibus,
1220 1638 1259 1712 &
1275 1634 1438 1736 perinde

318 1744 361 1818 in
383 1743 621 1832 mulieribus3
645 1739 846 1846 fuiffdtque
873 1750 1070 1846 optimum
1103 1743 1437 1825 medicamentum

319 1853 460 1954 pueris,
473 1850 542 1931 nisr
554 1878 729 1932 amarum
741 1855 830 1933 esset
842 1853 952 1957 supra
967 1852 1145 1932 modum:
1159 1853 1313 1956 puerilis
1324 1858 1433 1934 enim

320 1982 407 2040 aet-as
440 1961 461 2044 a
495 1967 606 2046 rebus
642 1966 763 2068 usque
796 1961 895 2044 aded
930 1965 1067 2042 amaris
1094 1963 1345 2042 vehementer
1367 1963 1437 2066 ab

320 2069 466 2154 horret.

318 2226 322 2233 ·
371 2182 620 2284 Hippophaes
657 2189 696 2261 dc
731 2181 1032 2286 hippophaestum
1062 2180 1256 2284 pituitam,
1300 2183 1438 2279 bilem,¹

316 2296 505 2390 aquasque
531 2312 695 2390 purgant
719 2296 896 2392 largiter:
926 2290 1229 2394 hippophaestum
1253 2314 1356 2391 aqua
1375 2299 1430 2372 vi-

316 2404 381 2476 tia.
437 2395 629 2503 Praecipud
665 2404 926 2480 comitialibus
963 2403 1085 2490 datur,
1109 2398 1290 2498 syderatis
1316 2402 1436 2483 altera

314 2533 449 2602 manu,
481 2532 544 2588 aut
572 2534 692 2602 crure,
722 2513 931 2604 oblivioso,
961 2505 1176 2589 difficulter
1191 2510 1361 2611 spiranti,
1396 2518 1437 2594 δι

316 2621 376 2697 his
398 2625 468 2721 qui
482 2616 583 2697 reeta
604 2623 745 2722 spirare
763 2642 981 2724 coguntur:
1010 2619 1137 2697 adhaec
1159 2618 1218 2697 his
1235 2625 1435 2716 omnibus,

316 2756 418 2830 quos
449 2745 657 2829 perpetuus
685 2727 886 2827 variusque
910 2748 1058 2806 tremor
1079 2730 1254 2828 exagitat.
1313 2732 1352 2808 Si
1371 2759 1433 2813 va·

316 2841 459 2914 lentius
486 2858 645 2936 purgare
671 2837 851 2926 volueris,
887 2839 993 2912 dabis
1013 2838 1115 2914 succi
1136 2860 1205 2936 per
1232 2840 1270 2914 se
1287 2844 1432 2923 obolos

314 2965 413 3024 tres:
446 2943 502 3020 srn
531 2964 661 3020 autem
682 2966 726 3020 ex
758 2945 939 3046 eoquod
963 2969 1054 3022 cum
1078 2944 1199 3022 farina
1227 2951 1307 3025 ervi
1333 2976 1433 3035 con-

257 3106 260 3111 ·
311 3055 454 3147 ficitur,
471 3050 696 3134 drachmam
724 3077 844 3134 unam
869 3081 915 3134 ex
939 3057 1089 3145 mulsot
1134 3053 1198 3133 sed
1220 3058 1267 3134 ad
1294 3068 1433 3144 omnia

315 3162 508 3248 efficacius
550 3166 881 3270 hippophaestum:
922 3163 1014 3248 ideo
1058 3167 1232 3247 dandum
1272 3173 1431 3256 mirrore

314 3282 439 3382 copia.

371 3391 561 3467 Clematis
581 3393 761 3490 pituitam
786 3391 964 3467 &bilem
985 3407 1145 3492 purgat:
1182 3392 1264 3484 ejus
1287 3390 1431 3474 studius

310 3499 362 3580 ad
389 3500 612 3577 drachmam
627 3520 746 3575 unam
770 3497 1009 3578 exhibendus
1034 3498 1086 3574 est
1107 3521 1199 3575 cum
1216 3500 1357 3581 mulso.

377 3610 678 3709 Pycnocomunt
725 3608 861 3684 biliosa
894 3607 1084 3688 detrahit:
1132 3609 1213 3702 ejus
1257 3613 1428 3693 radicem

311 3720 597 3803 comedendam
629 3719 734 3812 dato,
763 3717 842 3822 ipsa
866 3724 973 3797 enim
993 3742 1060 3823 per
1096 3716 1134 3795 se
1159 3743 1322 3827 purgat5
1359 3747 1426 3802 ro-

312 3829 433 3915 tunda
455 3832 519 3924 est,
544 3833 685 3931 exiguo
709 3832 816 3909 malo
837 3830 1051 3915 admodum
1068 3824 1211 3910 similis.

587 3959 605 4010 a
1315 3941 1427 4028 Vites
