3510 4830
466 205 545 306 De
562 201 778 305 Partibus
812 203 1033 347 Hominis.
1231 217 1295 342 36

188 369 432 460 habebitur:
487 403 625 461 verum
661 375 753 459 ided
794 379 860 485 ipsi
906 406 1014 463 coeca
1055 380 1184 461 dixisse
1228 381 1297 466 vili

188 489 288 583 sunt,
311 487 422 592 qudd
445 516 530 569 non
556 494 598 570 in
620 492 766 569 redium
783 513 963 572 excavata
985 491 1056 572 eise
1075 514 1296 576 cernantur.

242 603 347 680 Intra
358 603 563 681 calvariam
576 603 777 682 cerebrum
791 605 1090 686 contineturzid
1100 606 1296 685 membra-

186 738 245 792 nae
256 713 582 803 circumvolvunt,
613 714 731 790 altera
751 708 917 808 ctaffior,
948 709 1216 819 iobullidrque
1237 717 1297 796 os·
1327 758 1341 778 ·

186 819 434 925 fiptoxima:
459 822 617 898 tenuiot
649 823 781 911 alteru,
815 829 853 900 ὅ(
873 823 984 900 firma
1017 825 1191 927 quidem,
1232 826 1299 907 sed

187 936 318 1036 priore
329 932 471 1024 minus,
492 955 576 1033 quae
594 931 796 1025 cerebrum
821 933 1028 1036 contingit.
1064 933 1225 1011 Summa
1237 958 1300 1013 ce·

188 1042 292 1129 ¹cebri
315 1065 399 1144 pars
415 1039 583 1120 varicosa
603 1041 838 1146 appellatur:
862 1040 1024 1121 inferior
1051 1061 1165 1144 atquc
1177 1042 1300 1147 polle·

188 1147 401 1230 riorbasu:
428 1146 543 1230 luafi
555 1155 685 1229 oriens
699 1151 889 1257 proceffus
907 1152 1298 1265 parencephalisgrae-

187 1257 243 1354 ci,
262 1255 387 1345 latini
396 1255 630 1373 cerebellum-s
683 1259 795 1366 Ipsus
806 1285 976 1347 cavernae
987 1266 1135 1344 cerebri
1153 1266 1300 1345 ventri-

183 1374 265 1466 ‚euli
281 1400 291 1449 :
310 1373 547 1452 ventriculos
570 1374 733 1452 interius
762 1374 978 1455 obvolvens
996 1377 1128 1456 tunica
1139 1373 1298 1471 ‚chorei-

186 1480 268 1572 dcs‚
293 1477 365 1560 hoc
378 1479 429 1581 est
436 1476 822 1585 secundinisfimilis,
834 1489 1149 1582 cognominatim
1175 1486 1298 1560 Hero·

185 1591 315 1693 philus
326 1609 456 1669 autem
473 1594 512 1668 ὅ(
529 1589 800 1673 membmnam
818 1589 1017 1685 choroide,
1048 1585 1097 1675 id
1109 1585 1161 1696 est
1161 1591 1300 1699 secun·

186 1695 294 1781 dinis
301 1695 477 1806 stmilem,
488 1698 668 1805 appellat.
699 1694 925 1782 Germinai
948 1700 1108 1782 cerebro
1123 1699 1303 1811 enascen-¹

185 1814 240 1890 tia
259 1814 367 1888 nervi
397 1810 557 1891 sensorii
577 1803 825 1923 eledotiique
847 1811 958 1906 sunt,
983 1835 1054 1918 pet
1081 1837 1181 1917 quos
1210 1812 1299 1892 sen·

182 1921 246 2008 sus
258 1921 529 2000 &voluntaria
539 1924 668 2000 motio
695 1921 751 2014 fit,
772 1918 983 2025 omnisque
1003 1927 1177 2026 corporis
1197 1925 1299 2019 adio

183 2029 404 2137 perficitur:
430 2031 577 2105 horum
594 2047 726 2105 autem
742 2052 951 2110 nemorum
963 2031 1125 2130 quidam
1139 2029 1159 2113 l
1175 2035 1301 2133 spina-

188 2141 219 2215 li
238 2137 423 2228 medulla,
450 2141 489 2216 &
508 2161 554 2214 ex
572 2136 693 2241 ipsam
713 2141 895 2238 cingente
916 2139 1144 2217 membcana
1163 2137 1297 2244 expul-

184 2247 323 2331 lulant.
378 2240 586 2329 Dorsalcm
597 2241 705 2339 verb,
728 2241 993 2352 spinale'mque
1018 2272 1183 2329 omnem
1202 2251 1300 2354 pan·

180 2376 244 2436 tet
284 2381 353 2463 pet
378 2358 582 2458 uertebris
627 2357 864 2439 defluentem
912 2357 1129 2441 medullam
1168 2360 1302 2464 nomi

178 2487 292 2564 naut.

244 2578 366 2650 Oculi
401 2578 622 2647 tunicarum
640 2581 808 2670 ptimam
833 2582 934 2652 inter
961 2579 1117 2665 extimass
1145 2578 1299 2678 conspi-

187 2676 338 2782 cuique
364 2679 540 2756 membra
563 2678 848 2756 corniculacem
884 2675 1056 2783 superius
1078 2682 1297 2760 nominavi-

188 2815 301 2869 mus:
348 2786 515 2864 secunda
557 2786 757 2891 rhagoidcs
782 2806 898 2888 atque
926 2786 1131 2867 ehocoides
1157 2788 1302 2897 gtaecis

190 2893 386 2980 vocabulis
404 2898 545 2975 dicitur
564 2926 573 2974 ε
603 2893 680 3000 qui
694 2915 802 3001 parte
819 2899 1051 2991 corniculari
1073 2899 1296 2998 subjicitur:

186 3009 402 3114 chagoides,
422 3001 533 3111 qudd
559 3013 723 3088 exterius
745 3010 896 3100 laevore,
918 3010 1079 3088 interius
1096 3006 1300 3114 aspiitudi-

186 3149 236 3202 ue
256 3145 337 3201 uvae
355 3121 484 3207 acino,
513 3143 622 3226 quem
642 3117 770 3199 Graeci
788 3115 912 3226 rhaga
936 3115 1082 3211 dicunt,
1111 3110 1158 3194 iit
1180 3111 1297 3219 persi·
1323 3138 1326 3142 ’

178 3232 321 3319 ‚milis3
348 3250 425 3330 qua
463 3223 559 3305 verd
591 3228 719 3307 albam
743 3232 918 3306 tunicam
940 3225 1057 3319 subit,
1082 3222 1300 3323 ¹chocoides

187 3349 371 3421 vocatur:
398 3339 589 3439 quoniam
607 3337 758 3415 venulis
788 3336 925 3412 referta
955 3336 1180 3444 secundinus
1199 3359 1296 3441 quus

188 3468 344 3541 vocant,
393 3448 507 3529 fuetui
546 3447 784 3527 circundatus
818 3446 1069 3548 repensentat.
1137 3444 1295 3526 Deinde

188 3563 301 3638 tertia
314 3553 553 3653 humotemd
571 3562 663 3637 vitri
684 3552 935 3637 fimilitudiuc
953 3555 1158 3658 hyaloidca
1178 3579 1295 3661 voca·

189 3691 278 3749 tum
304 3672 505 3748 continet:
544 3669 626 3748 huc
651 3671 813 3770 antiquo
838 3668 1032 3748 vocabulo
1057 3689 1216 3775 propter
1239 3687 1296 3771 te·

181 3784 384 3865 unitatem
403 3776 649 3878 ecachuoldes
671 3762 951 3886 appellatam:
990 3773 1113 3864 latini
1137 3798 1295 3957 aranlcn

1238 3900 1298 3957 em
