3510 4830
428 251 505 342 rvi
584 234 656 339 or
691 249 839 343 Roro
873 271 937 339 rr
967 248 1098 340 Rort
1129 237 1373 342 senior-rs

435 423 652 574 praecipue
686 429 867 524 oculum
894 425 1069 568 ejusque
1102 436 1267 528 tunicas
1290 424 1403 525 miri
1427 466 1539 568 qua-

435 561 539 661 dam
558 564 723 663 lolertid
741 563 793 664 de
829 573 940 663 inxit
948 606 964 682 3
1001 605 1080 664 nec
1104 562 1270 665 nudam
1295 563 1540 665 solummo-

434 697 494 799 do
515 714 708 840 partium
733 602 1064 842 deidriptionem
1088 736 1188 803 ante
1213 708 1362 802 oculos
1391 715 1536 844 ponit,

434 834 501 939 sed
525 840 912 975 earundemjetiam
938 841 1034 941 usus
1058 880 1141 980 pro
1160 845 1246 939 istis
1270 842 1540 982 temporibus

433 973 551 1077 haud
590 975 819 1116 perperam
845 1016 897 1074 ex
931 983 1067 1076 licuit.
1163 987 1307 1077 Venas
1358 977 1541 1117 quidem

434 1112 654 1254 unguine,
688 1121 853 1214 arterias
883 1017 1115 1218 spiritubus
1145 1119 1297 1254 repleri
1323 1117 1542 1247 Erafistra·

434 1283 502 1349 tus
528 1252 608 1350 suis
631 1250 872 1368 tradiderat,
893 1153 1013 1353 iiunc
1036 1252 1139 1354 vero
1164 1292 1368 1369 errorem,
1405 1291 1542 1393 quem

435 1391 611 1488 Galenus
654 1388 803 1531 posted
837 1387 1019 1508 sustulit,
1064 1389 1146 1492 suis
1180 1402 1340 1531 eripere
1378 1401 1545 1529 incepit

437 1527 620 1663 Ephesius
646 1532 814 1649 nostem
849 1541 884 1631 is
910 1543 1031 1632 enim
1055 1543 1221 1630 arterias
1245 1560 1263 1594 ¹¹
1288 1527 1543 1667 sanguinem

437 1666 562 1806 aeque
580 1705 628 1766 ae
646 1664 816 1806 spiritus
839 1681 1063 1771 continere
1086 1702 1238 1768 contra
1251 1669 1543 1767 communem

435 1816 699 1944 opinionem
733 1808 893 1908 statnit.
967 1817 1189 1933 Quamvis
1222 1816 1343 1904 enim
1375 1817 1423 1903 in
1451 1808 1548 1942 pie-

434 1938 576 2082 rifipue
618 1981 718 2084 quae
754 1943 810 2044 ad
846 1983 940 2044 rem
990 1955 1284 2046 anatomicam
1334 1941 1542 2078 sptstant,

433 2080 638 2210 Herophili
688 2101 734 2177 &
775 2081 1011 2208 Erafistrati
1039 2078 1262 2175 sententiaa
1286 2075 1543 2217 sequeretur,

433 2212 585 2356 sapitis
606 2246 754 2317 tat-nen
782 2224 831 2312 in
855 2213 1112 2352 corporibus
1136 2210 1374 2312 incidendis
1408 2220 1545 2311 acai-

374 2365 375 2368 ‘
432 2387 532 2453 cato
555 2358 731 2452 tramite
759 2350 947 2460 deflexit,
1003 2361 1120 2452 Rem
1147 2347 1272 2448 itdse
1305 2348 1458 2448 habere
1495 2354 1546 2479 ii-¹

435 2489 576 2633 quido
612 2521 746 2648 patet,
817 2487 907 2589 uod
928 2537 952 2572 w
980 2485 1077 2593 vasa
1099 2486 1302 2631 quadam
1329 2495 1378 2587 in
1421 2521 1544 2589 utero

437 2630 765 2737 antecessoribus
782 2527 871 2728 iuis
887 2637 1111 2762 incognita
1129 2623 1466 2761 deprehenderit.

508 2779 626 2892 Qrae
648 2776 696 2860 in
715 2761 800 2858 hoc
835 2767 1015 2856 traeiatu
1050 2771 1162 2857 intra
1181 2799 1238 2897 pa
1273 2774 1279 2786 '
1316 2801 1389 2859 am
1409 2777 1477 2882 46
1499 2785 1545 2866 &

442 2943 504 3031 52
534 2903 821 3035 explicantur,
857 2905 905 2993 in
933 2892 1190 3033 praecedenti
1216 2800 1328 2994 miii>
1363 2896 1548 3000 totidem

437 3034 526 3143 fere
553 3033 691 3134 verbis
715 3042 1038 3172 exprimuntur,
1075 3040 1251 3173 verique
1270 3031 1544 3137 simillimum

440 3181 516 3293 est,
552 3177 840 3313 praeleetionis
871 3181 1142 3287 anatomieae,
1190 3212 1324 3313 quam
1362 3171 1443 3273 suis
1472 3179 1545 3275 ha-

440 3320 537 3417 buit
570 3312 717 3446 Rufus,
755 3321 980 3412 materiem
1014 3317 1255 3431 continere,
1291 3311 1344 3412 ad
1372 3309 1544 3414 secundi

438 3453 538 3564 listi
574 3448 727 3567 finem,
764 3451 1049 3589 astrologiam
1083 3447 1251 3580 adjecit,
1288 3447 1356 3550 sed
1395 3463 1459 3553 uti
1480 3464 1548 3553 ni·

653 3712 667 3739 ¹¹
687 3702 757 3796 Peg.
776 3705 824 3791 64.
1162 3710 1183 3738 ⁸*
1202 3703 1273 3792 Pag.
1286 3727 1335 3793 40.
