3510 4830
502 243 579 342 De
603 241 814 347 Partibus
839 245 1061 353 Hominis.
1266 292 1333 368 70

230 422 589 525 capitelatcscentes
608 423 745 499 leniter
776 425 818 498 in
838 419 936 502 stnus
959 419 1142 514 desident,
1170 425 1210 500 in
1236 453 1334 526 quos

227 535 495 612 extuberantes
514 529 690 609 soemotis
719 535 950 612 eminentias
973 537 1190 636 recipiunt:
1224 536 1335 636 ipsius

226 637 321 720 verd
345 646 447 722 tibiae
472 645 737 746 prominentia
772 647 814 719 in
847 640 973 723 smum
997 643 1176 722 soemoris
1206 648 1335 725 inseri·

224 771 300 828 tur.
357 754 414 828 At
434 753 481 828 ab
505 753 686 828 exteriori
716 769 823 855 parte
854 778 898 830 os
913 756 1090 843 alterum,
1122 757 1334 853 quodsum

123 851 126 857 ’
224 854 325 939 redii
358 863 608 953 nominatur,
639 857 853 963 appositum
899 861 963 953 est,
1009 863 1103 940 tibia
1143 869 1334 964 gracilius,

224 994 310 1050 non
333 973 557 1078 proximum
584 972 755 1065 soemoti,
787 969 887 1050 infra
913 972 1075 1066 brevius,
1102 997 1178 1072 qua
1215 979 1333 1055 etiam

222 1099 330 1183 parte
343 1081 528 1162 tumidius
539 1081 611 1161 est:
640 1076 805 1184 eimque
819 1084 1004 1163 nonnulli
1025 1085 1198 1185 vulgares
1210 1086 1334 1163 talum

223 1194 354 1271 vocari
383 1193 609 1272 asseverant:
639 1214 846 1294 utrumque
872 1218 916 1272 os
934 1214 1079 1284 autem,
1096 1193 1332 1273 sura'videli·

95 1394 97 1399 Ι
222 1320 286 1379 cet
312 1305 483 1394 acribia,
514 1304 556 1382 in
577 1301 655 1379 fine
682 1305 807 1383 multa
824 1306 1047 1407 cartilagine
1069 1308 1178 1382 unita
1201 1308 1332 1383 conti·

219 1434 375 1489 nentur.
436 1413 513 1487 Sed
524 1414 628 1489 tibiae
648 1406 904 1510 foemorisque
923 1412 1178 1491 commissurae
1199 1439 1245 1493 os
1272 1421 1331 1493 in·

222 1520 388 1610 cumbit,
406 1519 515 1620 quod
536 1516 664 1598 Graeci
687 1520 946 1622 epigonatida,
973 1517 1119 1598 Latini
1126 1519 1332 1627 patellam,

206 1629 280 1733 seu
290 1624 428 1709 molam
443 1649 597 1706 vocant.
654 1632 743 1707 Hoc
767 1628 863 1705 disci
887 1629 1049 1731 figuram
1078 1635 1330 1735 reptaesenttr
1450 1717 1454 1727 ,

219 1745 259 1818 &
273 1739 538 1843 superfluitans
578 1739 751 1816 medium
775 1735 889 1816 strum
911 1740 984 1816 est:
1024 1735 1161 1819 verum
1183 1747 1224 1819 in
1244 1769 1329 1822 cur-

216 1851 347 1926 vando
366 1874 475 1928 crure
509 1848 555 1925 ad
574 1851 712 1927 tibiam
741 1854 863 1950 magis
885 1851 1057 1929 accedit:
1091 1848 1182 1928 cum
1198 1873 1329 1934 autem

217 1960 448 2049 extenditur,
481 1960 590 2059 super
620 1954 828 2060 utriunque
851 1984 896 2037 os
921 1963 1033 2037 cadit.
1092 1963 1329 2061 inpartibus

216 2069 406 2145 malleolo
430 2071 618 2169 proximis
650 2071 746 2145 tibia
774 2069 934 2171 paulum
957 2068 1182 2169 gracilescit,
1214 2092 1329 2174 atque

217 2180 259 2254 in
283 2200 457 2258 extremo
483 2177 537 2254 ad⁴
559 2172 677 2278 sigma
702 2179 837 2259 G'raecae
868 2180 985 2256 literae
1009 2178 1176 2281 speciem
1204 2185 1257 2258 ita
1283 2208 1327 2258 ae·

214 2293 381 2388 qualiter
403 2287 524 2381 distat,
557 2307 601 2366 ut
628 2287 949 2390 processusduos,
983 2290 1147 2367 alterum
1181 2293 1326 2369 oblon-

213 2423 320 2501 gum,
359 2400 525 2480 alterum
544 2399 764 2480 breviorem
794 2400 957 2479 habeat:
992 2419 1031 2478 at
1059 2404 1214 2495 majoris
1233 2426 1325 2505 pro·

215 2509 333 2582 ceffus
363 2520 476 2605 caput
495 2510 655 2577 interius
676 2510 740 2593 est,
770 2512 925 2580 alteriue
948 2529 1061 2581 entra
1078 2533 1192 2587 earne
1208 2533 1324 2590 occu-

214 2616 333 2693 litur:
363 2616 456 2691 curn
472 2606 563 2685 surae
575 2627 707 2686 autem
731 2626 909 2687 extremo
934 2614 1196 2710 conjungitur,
1213 2623 1325 2715 quod

214 2725 374 2802 ulterius
399 2718 613 2825 procedens
642 2721 887 2811 exteriorem,
916 2737 960 2797 ut
989 2718 1113 2796 modo
1132 2724 1224 2813 dixi,
1260 2745 1323 2803 tu·

212 2857 368 2913 morem
409 2828 588 2910 ostendit.
644 2835 890 2936 Qtapropter
918 2829 1140 2926 hujusmodi
1170 2833 1246 2911 offa
1273 2838 1322 2920 ad

211 2943 330 3050 figma
349 2947 468 3022 litere
485 2942 656 3020 sormam
674 2940 804 3019 medin
826 2939 1049 3018 dehiscunt:
1080 2945 1123 3018 in
1143 2967 1225 3044 quo
1237 2943 1320 3025 hia·

210 3076 255 3135 tu
270 3059 368 3134 talus
387 3051 590 3131 delitescit.
646 3049 722 3129 Hic
741 3051 954 3129 secundum
981 3070 1129 3153 partem
1146 3061 1319 3152 quatrio.

211 3190 307 3243 nem
340 3163 549 3260 allachium
567 3181 747 3237 vocatam
776 3160 925 3240 sursum
951 3164 1087 3261 vergit,
1110 3165 1148 3239 ὁ(
1172 3185 1216 3237 ea
1233 3169 1318 3264 qui·

210 3277 302 3353 dem
329 3278 417 3351 imis
435 3273 536 3352 tibiae
556 3269 721 3370 sutaeque
740 3265 976 3370 processibus
1000 3271 1165 3366 adjacet:
1179 3269 1319 3352 vetum

210 3408 255 3461 os
279 3378 345 3464 lla*
358 3390 468 3486 effu
487 3399 671 3459 vocatum
698 3374 1004 3485 superimposito
1022 3381 1098 3457 illis
1119 3378 1209 3459 sure
1228 3378 1316 3477 offi,

206 3493 316 3594 quod
337 3490 357 3571 l
387 3492 505 3594 figura
528 3493 711 3570 cubicum
729 3493 966 3581 nominatur,
990 3490 1038 3565 ad
1068 3494 1245 3571 cavitates
1258 3495 1316 3570 in·

211 3605 379 3680 cumbit:
411 3621 456 3680 ut
490 3595 581 3682 offis
612 3596 680 3681 ilict*
707 3607 811 3700 egreio
835 3598 943 3703 quod
968 3620 1122 3691 vocant,
1153 3606 1317 3701 inaequa·

208 3717 334 3790 litotes
359 3713 623 3801 occluduntur,
657 3706 956 3813 cartilagindque
988 3709 1221 3787 circumdata
1251 3710 1315 3788 de·

207 3828 388 3925 ligentur.
448 3820 635 3902 Anterior
658 3839 788 3899 autem
815 3817 926 3923 ipius
955 3817 1123 3899 rotunda
1147 3821 1313 3924 particu-

765 3930 852 4007 Tz
1030 4019 1128 4041 Μ
1276 3929 1315 4013 lo
