3510 4830
471 266 548 364 De
576 260 786 361 Partibus
824 261 1041 364 Hominis.
1243 274 1310 400 64

199 472 300 546 tium
332 465 534 543 involucra
566 484 634 540 eos
664 464 920 567 superioribus
958 466 1126 566 partibus
1158 463 1307 570 suspen-

198 581 318 656 dunt:
359 577 424 652 sed
459 573 696 672 erythroides
718 571 785 650 srbi
823 572 889 676 ipst
919 575 1097 668 adneelit,
1125 595 1239 675 atque
1265 581 1309 658 in

194 692 332 769 orbem
364 684 475 761 testes
521 685 761 786 amplellitur
781 741 797 775 ,.
831 689 1009 786 privatim
1056 682 1307 788 seorsumque

191 796 361 898 singulos
380 793 593 869 involvens.
650 790 720 893 lpfi
749 794 860 869 testes
884 813 1014 870 autem
1049 820 1093 871 ex
1114 799 1306 896 pulticula:

191 905 307 982 simili
331 897 491 978 materiai
511 901 697 992 constant,
729 893 957 1003 humidique
983 903 1196 984 admodum
1221 931 1306 985 ner·

192 1017 283 1094 vosa
301 1006 487 1112 firmique
511 1015 736 1090 membrana
760 1013 1026 1092 includuntur.
1306 1004 1309 1011 ’

244 1125 440 1202 Muliebre
466 1141 595 1202 autent
612 1124 779 1227 genitale
798 1126 1033 1216 membrum,
1055 1123 1164 1226 quod
1185 1125 1300 1204 vulva

189 1253 302 1336 atque
320 1252 450 1311 uterus
464 1252 638 1324 vocatur,
679 1237 782 1312 inter
806 1238 1081 1338 conceptacula
1113 1238 1305 1312 eximium

190 1346 262 1452 estg
297 1350 399 1422 intet
428 1341 590 1422 vesicam
622 1339 844 1446 reciquue
877 1347 1102 1424 intestinum
1140 1349 1301 1447 ponitur

189 1456 281 1531 huic
302 1456 546 1543 incumbens,
571 1456 630 1527 illi
662 1454 871 1542 subditum,
901 1459 1144 1530 medicinalis
1167 1479 1302 1529 cucur·

192 1565 320 1641 bitula
356 1561 517 1661 liguram
551 1563 731 1639 emulans
756 1592 765 1640 :
808 1561 1000 1642 hocloco
1024 1566 1179 1642 venerei
1203 1583 1299 1644 con·

191 1671 328 1773 grcffus
349 1691 586 1752 exercentur.

402 2170 404 2174 Α
453 2075 531 2171 De
563 2073 713 2202 benis,
747 2075 808 2182 ἔθ’
844 2074 1064 2176 Artenia*

304 2460 394 2538 Enae
407 2463 646 2561 receptacula
669 2464 895 2568 sanguinem
918 2464 1164 2544 continentia
1192 2459 1301 2554 sunt,

333 2590 400 2665 per
431 2590 522 2664 quas
550 2571 698 2666 sanguis
734 2583 777 2641 in
813 2599 952 2642 omncs
981 2578 1154 2667 corporis
1172 2593 1298 2669 partes

184 2674 431 2754 diffunditur.
487 2674 647 2750 Arteria
668 2675 818 2777 spiritus
850 2679 888 2751 ὅ(
910 2675 1207 2774 quodammodo
1226 2679 1296 2750 eti-

184 2812 250 2863 am
281 2784 473 2887 sanguinis
508 2785 747 2885 receptacula
781 2786 891 2862 sunt:
934 2787 1138 2887 inquibus
1164 2789 1297 2863 motio

182 2896 238 2986 fir,
275 2922 357 2997 qua
388 2894 516 2996 pulsus
546 2899 749 2974 communi
789 2896 982 2973 vocabulo
1005 2896 1170 2986 dicitur,
1211 2890 1293 2974 &d

184 3008 300 3084 corde
324 3006 496 3083 exclusus
516 3005 664 3106 spiritus
675 3031 741 3108 per
760 3005 854 3106 ipsas
868 3010 910 3082 in
930 3030 1092 3083 omnem
1118 3007 1294 3107 corporis

182 3121 332 3194 molem
364 3116 588 3216 dispellitur.
648 3116 886 3221 Pinguitudo
907 3116 957 3192 est
985 3117 1071 3190 alba
1088 3111 1296 3214 oleonque

182 3230 397 3316 concretio,
416 3247 533 3324 quam
547 3226 700 3326 adipem
717 3230 834 3302 eriam
848 3227 1068 3302 nominant.
1121 3222 1291 3300 Glandu·

178 3335 431 3424 losaercarnes,
445 3358 536 3434 quas
546 3333 672 3414 Graeci
686 3334 824 3410 adenas
838 3353 994 3424 vocant,
1014 3335 1289 3414 concretiones

182 3444 355 3544 quadam
368 3442 721 3548 subpinguesarque
745 3442 909 3521 carnosa
928 3443 1030 3535 sunt,
1044 3447 1291 3546 peculiariter

181 3559 282 3631 cavis
300 3557 395 3631 locis
421 3551 558 3632 insita:
583 3560 665 3647 alis,
690 3556 793 3645 dico,
817 3561 854 3634 ὃ(
875 3557 1109 3655 inguinibus,
1131 3579 1291 3634 necnon

182 3672 219 3742 ὃ(
248 3664 415 3739 laelibus.
475 3664 563 3742 Oisa
588 3686 818 3768 coagmenta
842 3665 1014 3765 quadam
1036 3665 1125 3743 sunt
1155 3667 1289 3754 solida,

183 3778 366 3876 languine
393 3780 432 3850 dc
459 3774 568 3849 sensu
595 3781 785 3865 carentia,
810 3801 877 3876 per
910 3800 992 3875 quae
1023 3775 1148 3850 adito
1174 3793 1289 3874 arque

181 3887 365 3965 cledoriae
387 3888 583 3964 motiones
599 3886 867 3989 perficiuntur„
915 3882 1115 3961 Musculus
1147 3906 1293 4068 corpusst

347 4020 369 4069 2
1242 4013 1260 4067 e
