3510 4830
482 287 560 388 De
578 282 792 386 Partibus
828 285 1048 390 Homiu‘is.
1258 314 1320 412 56

402 652 480 751 De
505 651 589 775 his,
619 691 716 785 quae
738 693 809 754 ore
832 653 1113 758 continentur.

326 929 491 1032 Einceps
514 932 567 1021 ad,
601 956 657 1025 ea,
702 957 787 1031 quae
812 935 853 1008 in
888 957 957 1011 ore
988 935 1125 1022 latent,
1162 932 1317 1010 descen·

353 1042 497 1121 damus.
552 1043 704 1146 Lingua
743 1047 915 1146 primum
963 1046 1157 1123 turbinata
1195 1042 1319 1144 figura

201 1151 473 1245 consideretur,
507 1148 529 1227 a
571 1157 655 1232 lato
695 1159 737 1233 in
775 1157 978 1257 angustum
1003 1147 1318 1258 gracilescens,al

198 1264 373 1342 faucibus
395 1265 538 1342 radices
567 1267 726 1360 ducens,
751 1268 914 1345 carnoso
948 1273 986 1346 δι
1018 1265 1319 1370 quodammodo

200 1372 368 1454 nervoso
405 1400 583 1481 corpore,
611 1381 653 1456 in
690 1379 785 1455 cibis
819 1377 1025 1458 atterendis
1068 1369 1314 1458 devorandlss

199 1481 281 1585 que'
294 1488 477 1564 mobilis:
512 1505 691 1586 praeterea
714 1489 818 1564 &ad
844 1490 1050 1564 articulata
1082 1492 1191 1564 vocis
1215 1510 1315 1562 crea·

200 1600 356 1672 tionem
392 1595 570 1673 emlffum
601 1620 729 1674 aerem
758 1595 973 1676 secundum·
1003 1599 1126 1674 animi
1151 1598 1315 1674 inclina·

201 1710 353 1783 tionem
369 1708 632 1791 conformans,
669 1701 999 1813 gustatoriumque
1020 1708 1172 1787 sensum
1199 1711 1313 1810 parti-

200 1819 341 1921 cipans.
398 1821 444 1897 ln
475 1820 586 1917 hujus
614 1818 689 1901 base
715 1814 912 1924 epiglossis
958 1839 1095 1900 vocata
1125 1826 1312 1911 exoritur,

199 1954 272 2008 ceu
296 1932 471 2033 quadam
508 1934 644 2032 exigua
671 1935 804 2032 lingua
833 1934 942 2035 supra
964 1937 1045 2028 ejus
1062 1932 1316 2010 latitudinem

199 2038 401 2141 adurgens,
433 2045 475 2117 in
502 2036 676 2121 faucibus
708 2066 755 2118 ex
787 2044 924 2120 latiore
950 2039 1087 2119 bastin
1110 2041 1317 2142 angustum

188 2148 354 2244 'finiens
379 2151 624 2254 cartilaginea
642 2154 804 2233 materia
836 2151 1025 2245 constans,
1062 2145 1317 2252 faucibusque

199 2254 395 2366 cognata:
428 2262 507 2343 hoc
527 2264 664 2368 aspera
688 2267 831 2346 arteriae
855 2267 1099 2370 operculum,
1133 2268 1172 2344 ὅ(
1205 2263 1315 2343 cibo·

107 2372 113 2383 “
196 2399 285 2453 rum
302 2377 344 2453 in
361 2375 495 2476 gulam
521 2374 724 2456 descensus
756 2381 829 2456 iter
853 2377 1054 2479 quoddam
1072 2374 1134 2454 est.
1192 2373 1313 2479 Supra

196 2488 424 2588 cpiglottida
454 2504 589 2566 autem
605 2483 767 2588 supernb
786 2489 1000 2570 columella
1025 2485 1234 2593 dependet,
1265 2511 1313 2564 ex

196 2599 314 2698 palati
350 2592 521 2696 partibus
555 2592 770 2669 secundum
794 2603 875 2686 ejus
896 2601 1092 2669 foramina
1110 2602 1314 2672 exoriens:

197 2708 277 2785 haec
303 2709 341 2785 ὃ(
372 2727 446 2786 uva
477 2702 524 2780 ab
571 2703 823 2780 extremitatis
859 2700 1100 2780 rotunditate
1135 2723 1318 2795 vocatur,

196 2818 349 2901 nullam
379 2817 511 2916 magni
539 2814 758 2894 faciendam
784 2815 995 2894 utilitatem
1021 2811 1217 2895 afferens:
1241 2838 1310 2891 un·

199 2926 353 3020 defit,
385 2947 428 3006 ut
468 2949 512 3004 ca
549 2926 668 3005 recisa
707 2927 816 3006 nulla
849 2929 1023 3032 corporis
1054 2927 1154 3005 allio
1197 2928 1311 3003 vitie-

195 3061 267 3118 tur.
296 3041 341 3115 ln
370 3040 626 3141 penitioribus
647 3059 778 3117 autem
807 3039 856 3117 ab
878 3035 1041 3140 utrlque
1070 3042 1314 3140 linguaepar·

198 3172 236 3229 tc
262 3145 382 3230 affixa
402 3145 563 3228 tonsilla
587 3151 687 3240 sunt,
717 3174 887 3231 numero
917 3151 992 3241 sex,
1019 3169 1183 3253 corpore
1203 3151 1310 3247 glan-

194 3261 348 3352 dulosae,
369 3261 489 3361 figura
509 3259 767 3349 subrotundae,
790 3280 925 3337 natura
943 3254 1058 3338 facille
1090 3259 1316 3351 mutabiles,

195 3394 309 3473 arque
340 3366 585 3474 diffipabiles,
622 3372 903 3481 membranulis
935 3369 1180 3474 quibusdam,
1196 3372 1315 3449 altius

193 3486 340 3561 insertis
366 3487 607 3567 convoluta:
637 3506 682 3562 ex
711 3481 770 3561 his
788 3504 955 3586 quatuor
994 3482 1044 3561 ab
1068 3500 1235 3585 utroque
1259 3484 1312 3563 la-

194 3615 274 3674 tere
304 3604 531 3690 cernuntur,
557 3597 640 3676 duae
665 3589 761 3677 verb
788 3599 896 3676 cerni
914 3599 984 3676 via
1014 3616 1220 3781 queuntG
1231 3595 1316 3717 Has

460 3756 462 3760 ι
1220 3725 1310 3784 taeca
