3510 4830
309 276 382 394 '39
628 279 816 366 Rnrrr
858 271 1111 364 Ennrstt

318 450 457 545 cipem.
484 446 604 552 Quod
624 470 667 521 ex
696 445 916 522 orbiculato
944 447 1147 522 ventriculi
1171 442 1295 522 fundo
1316 471 1425 549 eger·

316 561 453 644 minat,
479 551 684 656 iprumque
713 558 944 654 &aliquam
969 577 1195 634 caeterorum
1224 552 1427 635 intestino-

315 689 404 742 rum
431 685 577 766 partem
598 667 711 755 vclat,
740 667 928 766 epiploon
957 665 1096 756 Greci²
1126 661 1234 772 quast
1239 666 1426 772 strperna·

315 775 472 882 urgant,
505 790 692 853 omentum
725 771 869 850 Latini
906 787 1064 852 vocant.
1120 777 1159 848 A
1186 778 1339 851 renibus
1359 800 1424 852 ex·

315 890 447 962 oriens
482 888 721 974 membrana,
756 880 1016 985 omnibusque
1036 901 1217 985 pretenta
1238 883 1425 963 intestinis

316 1002 546 1097 peritonaeos
571 995 633 1070 est.
688 993 745 1069 At
768 988 888 1093 propi
917 995 1086 1072 intestini
1115 996 1287 1095 primum
1317 1018 1424 1073 exor-

315 1124 401 1181 tum
418 1101 536 1204 posita
548 1129 636 1182 earo
647 1105 885 1205 praepinguis,
897 1095 1163 1207 glandulisque
1180 1105 1425 1198 interstincta,

314 1238 496 1320 pancreas
511 1226 653 1292 vocata
672 1208 734 1316 cst.

369 1323 408 1399 A
436 1324 570 1400 dextra
607 1323 811 1400 ventriculi
849 1327 954 1420 jecur
984 1320 1045 1398 est.
1101 1320 1252 1432 Jecoris
1291 1343 1424 1402 aurem

314 1456 399 1535 pars
416 1434 673 1511 transversum
693 1435 857 1533 septum,
875 1427 1207 1534 peritonaet'rnrque
1230 1435 1424 1533 attingens

315 1567 500 1632 convexa,
529 1567 611 1642 quae
631 1541 731 1619 infra
741 1543 959 1621 ventriculo
973 1540 1203 1628 inhaerescit,
1220 1564 1310 1619 cava
1330 1543 1424 1620 dici·

313 1673 387 1730 tur.
445 1654 523 1729 Sub
544 1655 711 1727 maxima
736 1656 815 1748 ejus
842 1653 936 1728 fibra
956 1651 1042 1727 bilis
1079 1652 1275 1729 vasculum
1308 1647 1424 1729 fitum

314 1761 379 1851 est,
404 1765 509 1856 eujus
534 1761 663 1838 media
691 1766 728 1837 δε
748 1762 900 1861 angusta
919 1764 1106 1863 particula
1125 1762 1256 1838 cervix
1278 1760 1340 1851 est,
1366 1765 1423 1838 in-

313 1869 406 1947 fima
430 1869 610 1950 fundum.
663 1869 814 1980 Jecotis
838 1890 948 1972 porta
972 1893 1068 1946 vena
1100 1871 1163 1960 cst,
1203 1893 1270 1970 pcr
1303 1895 1423 1971 quam

314 1984 548 2060 alimentum
568 1981 748 2057 illabitur.
810 1987 905 2088 Qtae
920 1986 962 2058 in
976 1978 1163 2065 sacrificiis
1179 1999 1307 2057 autem
1325 1981 1423 2059 arus·

313 2096 419 2193 pices
435 2112 576 2192 portas,
594 2092 779 2181 mensam,
808 2090 993 2190 gladium,
1026 2096 1065 2168 &
1095 2114 1267 2190 unguem
1294 2093 1426 2193 appel·

312 2204 409 2289 lant,
433 2205 489 2277 in.
509 2200 673 2278 homine
697 2224 869 2298 quoque,
895 2201 958 2276 sed
982 2200 1144 2277 obscura
1170 2217 1283 2299 atque
1301 2205 1423 2279 ineer-

311 2328 352 2385 ta
378 2312 633 2410 reperiuntur,
658 2309 705 2385 ad
740 2304 969 2408 nullumque
984 2308 1185 2385 medicina
1205 2307 1425 2410 profestum

311 2412 520 2496 necess'arib
557 2422 822 2496 nominantur.

367 2529 601 2608 Ventriculo
620 2523 642 2604 i
660 2524 801 2604 sinistra
822 2526 935 2601 lienis
956 2527 1163 2615 incumbit,
1191 2530 1297 2623 cujus
1326 2526 1421 2607 cras·

311 2628 469 2730 stflima,'
496 2627 724 2736 summique
746 2657 829 2736 pars
862 2652 975 2736 caput
1001 2626 1077 2709 est:
1110 2628 1230 2736 propi
1268 2639 1425 2717 ultimas

314 2772 445 2826 autem
462 2745 580 2822 costas
603 2769 711 2820 renes
734 2744 838 2818 duo:
868 2764 916 2816 ex
932 2744 1071 2842 quibus
1084 2744 1164 2821 duo
1189 2748 1306 2823 utinae
1331 2749 1421 2828 duc·
1451 2825 1457 2837 ,

319 2876 379 2933 tus
391 2875 559 2931 uretetes
584 2846 719 2930 Graeci
731 2843 910 2953 appellati
929 2848 1089 2927 veficam
1123 2855 1310 2930 intrantes
1332 2883 1423 2958 pro.

308 2969 447 3045 deum.
504 2956 637 3037 Vesica
666 2957 761 3036 verb
795 2962 1118 3061 conceptaculum
1144 2960 1206 3051 est,
1238 2964 1279 3036 in
1311 2970 1421 3064 quod

314 3079 425 3153 urina
444 3068 466 3150 ὲ
494 3070 651 3148 renibus
666 3094 733 3173 pet
752 3088 918 3147 ureteres
944 3070 1156 3146 delabitur:
1181 3064 1203 3145 i
1230 3066 1348 3152 vesica
1368 3080 1421 3156 est

314 3190 454 3275 cervix,
484 3182 757 3270 sedimenrum‚
787 3183 930 3270 tramis,
955 3181 1156 3282 &reliqua
1176 3205 1420 3267 commemo2

311 3312 392 3373 rata
415 3295 595 3395 superius.
653 3290 711 3371 At
734 3289 936 3374 seminaria
959 3292 1107 3371 vascula
1125 3313 1291 3393 quatuor
1317 3296 1420 3394 sunt,

312 3403 393 3480 duo
416 3402 596 3493 varicosa,
626 3402 707 3476 duo
730 3401 981 3500 glandulosa:
1007 3429 1088 3504 quae
1100 3407 1285 3505 genitales
1299 3411 1419 3490 etiam

313 3537 419 3593 venae
438 3529 582 3590 vocata
604 3507 713 3586 sunt:
741 3511 1004 3605 varicosorum
1021 3532 1145 3616 partes
1163 3515 1237 3592 illae
1248 3523 1419 3619 quates·

312 3626 416 3704 ribus
431 3625 617 3719 adiacent,
642 3618 825 3701 auctiores
861 3619 1054 3700 dicuntur.
1114 3627 1285 3734 Quidam
1321 3626 1417 3711 verb

311 3738 447 3815 omnia
473 3730 655 3813 assessores
679 3730 860 3835 appellari
899 3730 998 3810 nihil
1035 3730 1225 3816 laborant.
1293 3743 1419 3820 Cete-

312 3840 403 3932 rum
423 3868 472 3927 an
495 3843 573 3923 naec
603 3841 737 3957 eadem
764 3845 808 3957 in
827 3841 1002 3927 foeminis
1029 3847 1191 3953 perinde
1207 3871 1249 3929 ut
1273 3851 1315 3927 in
1335 3871 1415 3930 ma·

1166 3968 1177 3973 “
1299 3958 1418 4058 tibus,
