3510 4830
328 386 367 401 μ
454 248 534 354 De
556 248 719 379 Vestae
739 245 1002 388 Renumq'ue
1022 240 1275 386 Affeiiibut.
1343 233 1419 381 '13

317 435 394 539 'que
420 431 553 517 otiose
591 460 659 518 eos
679 438 727 516 ad
753 438 933 516 exercitia
969 436 1176 540 motusque
1198 436 1422 544 producere.

316 549 500 650 Namque
531 550 692 651 agitatio
728 571 819 628 curn
849 550 933 628 aliis
972 552 1196 630 exulceratis
1222 551 1421 639 omnibus,

312 677 400 738 tum
421 683 564 738 renum
580 659 771 739 ulceribus
782 658 1035 740 vehementer
1051 659 1103 740 est
1121 663 1291 741 inimica.
1311 662 1419 741 Con-

312 770 420 851 ducit
430 772 549 868 igitur
564 773 743 868 quietum
761 768 915 845 reficere
927 789 1219 871 atquerecreare
1234 777 1347 848 omni
1366 775 1420 846 vi-

311 899 361 964 ra
380 877 551 955 mollitie
578 877 834 981 voluptuaria,
860 875 1103 960 frictionibus
1132 879 1252 983 quim
1284 874 1424 982 leuiffi5

314 989 404 1080 mis,
432 987 576 1067 balneis
602 992 642 1067 de
661 989 950 1094 integumentis.

710 1292 925 1392 capua
985 1292 1116 1394 XVI.

528 1535 649 1674 Q*
670 1534 948 1636 vomitionem
971 1534 1180 1635 excitant.

426 1858 695 1965 Epletionibus
723 1863 890 1943 subortis
904 1862 1021 1944 faciet
1035 1861 1122 1942 satis
1144 1858 1305 1966 illasque
1324 1861 1425 1942 leva?

454 1975 511 2048 bit
538 1973 644 2051 fotus
671 1997 739 2072 per
768 1968 864 2050 srcca
889 1979 928 2052 dc
957 1975 1153 2053 vomitus:
1181 1995 1249 2072 per
1269 1970 1425 2049 inferna

312 2099 475 2157 vacuare
498 2080 561 2156 vel
583 2079 783 2157 detrahere
792 2077 893 2155 nihil
917 2078 969 2156 est
983 2078 1145 2170 neccsse,
1172 2098 1426 2182 praeterquam

313 2183 506 2266 didiorum
537 2188 718 2267 ciborum
749 2186 979 2289 quotidiana
1007 2193 1266 2268 retrimenta:
1294 2212 1341 2270 ac
1374 2212 1426 2268 ne

314 2297 518 2402 impendio
528 2297 729 2379 vomendo
741 2302 943 2393 crucietur,
964 2301 1113 2403 impera
1136 2317 1181 2379 ut
1206 2304 1308 2379 intra
1336 2323 1425 2378 mo·

311 2407 408 2488 dum
431 2410 582 2513 repleto
594 2410 814 2490 ventriculo
830 2429 977 2502 vomat,
1004 2409 1193 2514 assumpto
1221 2414 1424 2490 etiamen

312 2542 402 2599 rum
431 2523 564 2614 aliquo
589 2546 672 2615 quae
697 2520 992 2611 nauseosasunt,
1016 2521 1260 2600 &vomendi
1279 2523 1425 2625 appeti-

310 2630 468 2707 tionem
484 2639 663 2713 movent,
689 2626 904 2716 cujusmodi
931 2628 1020 2698 sunt
1041 2633 1200 2723 pinguia
1228 2633 1269 2700 &
1298 2631 1428 2705 dulcia

314 2741 355 2816 bt
381 2730 619 2837 praegrandes
646 2752 870 2810 cucumeres
881 2764 897 2820 ς
917 2731 987 2833 qui
1013 2723 1042 2808 st
1068 2751 1154 2807 non
1177 2725 1252 2808 sint
1272 2732 1320 2810 ad
1343 2754 1424 2810 ma-

312 2868 425 2934 num,
458 2839 730 2922 substituantur
760 2863 897 2921 eorum
917 2839 1066 2919 semina
1080 2839 1200 2921 melle
1219 2841 1367 2937 intrita,
1386 2848 1428 2925 dt

312 2955 528 3063 pulticula:
573 2946 765 3056 portisque
794 2950 916 3030 dulcis
942 2950 1052 3056 super
1071 2947 1132 3029 his
1155 2950 1320 3056 ingestus
1351 2953 1424 3034 lar·

312 3070 425 3172 giter.
454 3062 681 3141 Necsolum
703 3062 880 3143 adversus
896 3060 1107 3142 saturitates
1128 3066 1167 3141 dc
1186 3064 1428 3165 expletiones

309 3177 579 3255 vomitionem
592 3173 844 3265 commendo,
858 3172 922 3251 sed
941 3175 1061 3253 eriam
1072 3168 1338 3256 milrividetut
1368 3167 1425 3268 (n

314 3288 402 3392 quis
424 3279 528 3362 sorte
542 3281 750 3387 periclitari
775 3281 925 3384 audeat)
950 3279 1152 3360 vomendo
1167 3276 1306 3389 sapius,
1337 3304 1426 3361 non

316 3397 442 3477 modo
460 3416 601 3472 renum
636 3393 777 3484 ulcera,
808 3385 945 3468 verum
972 3392 1091 3468 etiam
1119 3391 1200 3487 ejus
1226 3393 1307 3472 loci
1333 3394 1428 3474 vitia

317 3509 454 3586 omnia
481 3504 588 3584 brevi
605 3501 710 3605 posse
736 3499 949 3588 consanati
1003 3498 1257 3581 Postmodum
1281 3522 1428 3596 autem,

317 3637 412 3696 eum
448 3614 665 3719 usqueadeo
698 3611 913 3717 processum
939 3612 1092 3705 eriam
1112 3613 1193 3710 jam
1215 3637 1262 3691 ex
1283 3616 1429 3692 morbo

317 3721 519 3806 revaluisse
543 3743 776 3827 compareat,
803 3728 844 3805 &
866 3725 1064 3803 moriones
1082 3721 1293 3800 salutariter
1320 3723 1428 3826 posse

318 3836 482 3945 perpeti,
494 3835 668 3944 primum
681 3832 830 3939 spatiari
840 3835 985 4020 ppterit
1000 3832 1187 3941 paulatim
1207 3823 1433 4014 demodis}

923 3967 947 4022 2
1371 3961 1385 4017 r
1414 3975 1432 3993 ·
