3510 4830
485 260 595 360 xviii
682 232 931 352 or'Roro
959 273 1025 347 rr
1046 237 1183 350 err
1207 230 1452 346 's'cnrrrrr

418 466 434 497 ‘
485 468 578 539 tato
594 431 648 536 ad
664 423 893 578 notusque
910 428 1162 534 devenerint
1183 425 1293 534 Rufi
1311 427 1481 573 scripta,
1500 470 1596 538 non

485 571 578 675 stne
602 569 728 675 causi
756 579 960 674 Atticum
994 579 1041 696 in
1068 609 1122 672 eo
1145 580 1360 672 miramur
1383 567 1598 674 charano

485 750 598 830 rem,
638 722 792 854 qui&
853 720 962 811 atrio
985 705 1182 810 sermone
1215 707 1311 810 usus
1335 709 1395 808 est
1423 716 1594 829 ionico,

487 860 725 990 Ioniceque
750 748 974 950 stridentes
1002 845 1158 949 babuit
1178 857 1400 975 Romnum,
1417 851 1597 946 Herodo-

488 1014 573 1087 tum
600 1005 646 1086 δι
672 995 968 1119 Hippocratem,
1000 992 1165 1097 Poetas,
1204 987 1464 1112 Histoticos,
1496 996 1598 1088 Me

487 1120 624 1239 dicos,
658 1150 779 1220 aetate
817 1118 1093 1238 venerabiies,
1129 1113 1374 1220 eruditione
1396 1125 1596 1240 illustres,

488 1255 695 1362 nominis
715 1295 769 1358 ue
790 1253 1031 1359 celebritate
1052 1293 1133 1400 per
1164 1252 1417 1362 universum
1439 1258 1597 1373 orbem

484 1395 658 1501 florent‘
696 1432 828 1500 imos.

269 1701 322 1770 ne
337 1700 393 1799 her
407 1713 468 1763 no
561 1690 601 1793 §.
631 1699 679 1774 6.
698 1670 782 1773 Sed
799 1707 850 1776 ut
866 1672 973 1775 huic
996 1665 1185 1775 sermoni
1199 1673 1437 1816 aliquando
1454 1668 1597 1773 finem

266 1782 456 1852 ΝΟΜ·
486 1804 663 1926 faciem,
724 1812 933 1910 lectorem
963 1822 1196 1935 monitum
1230 1816 1353 1923 volo,
1387 1850 1461 1907 me
1491 1808 1597 1907 huic

481 1944 673 2049 editioni
712 1943 963 2049 versionem
990 1953 1242 2086 vulgarem,
1286 1946 1508 2047 attexuisse
1539 1944 1597 2047 ab

473 2088 720 2214 'anonymo
734 2097 911 2220 partim,
944 2096 1108 2218 partim
1132 2119 1157 2175 a
1181 2081 1316 2210 Junio
1335 2084 1464 2215 diense
1484 2118 1597 2182 con·

488 2212 708 2359 scriptam,
777 2254 842 2317 uae
872 2248 1098 2358 utcunque
1123 2223 1168 2316 in
1193 2254 1237 2317 re
1254 2214 1401 2314 critici
1428 2215 1597 2319 versatis

487 2367 643 2457 minus
665 2255 860 2471 arrideat,
893 2361 1081 2454 auctoris
1105 2385 1252 2459 tamen
1277 2386 1475 2454 mentem
1508 2393 1596 2495 op·

488 2491 601 2593 timi
639 2502 840 2631 exponit,
890 2496 993 2594 iicet
1025 2489 1163 2593 dictio
1206 2511 1534 2636 nonnunquam
1567 2527 1596 2592 a

490 2639 653 2731 Graeco
680 2627 911 2740 Idiomate,
946 2636 1044 2760 plus
1085 2645 1223 2760 quem
1248 2662 1326 2762 par
1349 2634 1425 2742 est,
1460 2633 1593 2767 paulo

491 2762 673 2874 recedat,
708 2794 797 2896 qua
822 2766 989 2852 ratione
1027 2767 1081 2855 in
1108 2794 1200 2854 uno
1225 2765 1296 2855 vei
1333 2767 1469 2862 altero
1492 2770 1593 2868 loco

466 2895 736 3000 ¹emendavi.
811 2904 981 3004 Verum
1011 2890 1239 2992 enimvero
1265 2899 1463 2996 muitum
1481 2899 1597 3002 soret

488 3030 744 3177 optandum
773 3040 949 3168 juvenes
984 3024 1201 3170 praecipui
1244 3030 1472 3136 medicinae
1506 3042 1597 3138 stu·

489 3173 634 3276 drosos
663 3177 808 3312 graecis
831 3175 979 3270 litteris
1009 3167 1120 3269 adeo
1138 3165 1265 3270 suisse
1297 3171 1508 3293 imbutos,
1544 3207 1595 3275 ut

469 3347 653 3452 ¹parum
693 3313 760 3409 vei
789 3347 882 3409 non
916 3319 1109 3409 omnino
1146 3312 1292 3409 iatinis
1325 3308 1594 3412 versionibus

468 3470 682 3589 egerent,
716 3481 815 3588 quae
848 3450 1109 3586 pierumque
1141 3444 1368 3547 inconditi
1399 3458 1592 3590 quadarn

464 3610 468 3617 “
492 3586 686 3686 barbarie
708 3583 928 3684 horrentes
951 3588 1019 3684 vel
1045 3589 1206 3724 legenti
1235 3584 1368 3725 piand
1393 3586 1589 3688 nauseam

487 3726 654 3842 creant,
697 3726 764 3824 vei
794 3731 842 3823 in
862 3717 989 3825 causd
1018 3719 1118 3825 sunt
1134 3728 1187 3828 ne
1206 3746 1406 3868 unquam
1428 3728 1589 3854 stylum

470 3859 671 3998 '‘polinirs
692 3859 914 4002 effingam.
1352 3871 1591 3988 Quantum
1612 3944 1615 3951 .
