3510 4830
313 250 345 350 8
621 249 813 344 Rure-1
854 226 1107 338 Ernesti

314 419 470 510 minisci
493 421 541 503 td
575 425 681 531 puris
710 427 872 515 exitum,
902 420 1011 525 quod
1038 413 1171 522 saepiiu
1188 414 1232 500 in
1259 416 1422 503 testeam

313 535 527 617 divertitur.
583 536 754 617 Proinde
779 535 952 640 spongiis
980 529 1196 611 identidem
1220 530 1354 612 fovere
1382 555 1427 614 o·-

313 649 498 752 portebit‚
537 651 575 728 δι
603 649 740 726 locum
768 639 893 728 farini
917 636 1133 723 hordeacei
1165 667 1258 723 cum
1279 642 1425 731 ficuum

263 844 265 849 ,
313 757 482 838 decotto
511 758 721 840 oblinere:
758 780 900 838 verum
927 753 1022 832 ficus
1051 752 1206 832 casdem
1233 756 1274 832 in
1295 756 1426 839 mulso

272 895 275 900 ’
312 887 380 950 aut
399 873 497 948 vino
505 869 725 972 decoquere
742 863 994 949 consimiliter
1003 866 1214 970 oportebit.
1268 865 1427 950 Bonum

313 983 389 1058 erit
418 982 537 1058 etiam
562 981 656 1059 ficus
689 983 786 1083 ipsae
811 978 1013 1056 tenuando
1041 980 1080 1054 ὅτ
1112 974 1336 1056 diducendo
1362 978 1427 1057 ad·

317 1086 491 1180 miscete,
518 1094 558 1170 de
588 1111 747 1168 comam
768 1087 895 1168 tusam
927 1082 1118 1177 absmthii,
1141 1090 1239 1188 quin
1261 1090 1302 1166 dr
1327 1087 1430 1170 Chass'

313 1199 478 1290 melaeae,
534 1200 664 1292 iridis,
707 1198 944 1301 brioniaeque
984 1195 1156 1276 radicem
1219 1215 1427 1280 excretam.

314 1307 406 1389 Haee
432 1303 621 1413 siquidem
644 1328 733 1389 tum
757 1308 977 1402 mitificant,
1007 1325 1094 1385 tum
1111 1307 1240 1386 urinas
1268 1310 1430 1413 proiici-

314 1436 400 1497 unt.
457 1421 622 1523 Expedit
635 1439 767 1500 autem
778 1420 951 1501 meiendi
962 1416 1189 1497 facultatem
1200 1439 1429 1522 provocare·

317 1523 413 1608 Ideo
447 1533 581 1633 egroti
610 1552 724 1611 erunt
751 1530 956 1623 invitandi,
982 1546 1026 1605 ut
1044 1527 1189 1630 aliquid
1208 1529 1352 1608 horum
1368 1531 1430 1608 bi·

317 1635 424 1729 bant,
451 1660 536 1739 que
562 1645 690 1721 urinas
722 1646 839 1721 cient.
895 1638 962 1717 Ad
978 1662 1100 1739 quem
1128 1634 1242 1716 usum
1272 1661 1432 1718 aecomu

315 1738 626 1829 modatiffimum
659 1753 732 1830 erit
772 1752 952 1828 amerinae
986 1748 1122 1825 semen
1148 1769 1196 1823 ex
1220 1750 1319 1827 vino
1361 1768 1430 1829 aut

316 1856 446 1936 mulso
469 1877 622 1963 potum.
679 1860 873 1940 Conferet
902 1881 1062 1963 quoque
1083 1856 1214 1935 feruiae
1235 1856 1353 1952 radix,
1387 1864 1430 1940 dt

316 1968 495 2060 anchusa,
535 1975 580 2050 dt·
602 1994 725 2064 arum,
759 1967 835 2049 srve
863 1967 1172 2071 unumquodque
1194 1991 1263 2071 per
1290 1966 1329 2046 se
1361 1968 1431 2047 da·

316 2097 416 2171 tum,
447 2073 524 2160 five
545 2106 639 2166 cum
663 2105 748 2162 uno
773 2079 919 2161 horum
945 2099 1011 2162 aut
1039 2079 1162 2158 altero
1178 2079 1436 2185 permixtum.-

672 2525 676 2531 .
711 2412 923 2507 emur
958 2413 1048 2510 IX.

443 2679 697 2807 Diuretica‚
733 2715 831 2813 quae
853 2676 1062 2814 absceffirs
1075 2671 1314 2815 frangunt.¹
1439 2784 1443 2795 ,

404 2924 550 3034 Rodeii
572 2951 691 3027 etiam
718 2949 830 3043 illud,
853 2949 1059 3056 origani&
1076 2949 1190 3028 dauci
1212 2948 1432 3055 scutarium,¹

312 2949 404 3263 Ε
432 3059 763 3170 pseudodidiarnni
782 3061 949 3142 eandem
979 3060 1202 3143 mensuram
1227 3066 1271 3144 in
1287 3069 1431 3150 vinum

380 3199 450 3254 um
503 3171 750 3274 odorumque
804 3176 995 3272 conjicito
1047 3193 1163 3277 atque
1209 3177 1431 3262 recondito.

316 3288 455 3395 Quum
480 3303 577 3362 vcro
603 3281 751 3362 neceffe
776 3281 950 3379 habebis,
989 3281 1115 3366 sumes
1134 3286 1303 3385 'cyathos
1337 3304 1445 3391 qua·

204 3447 213 3457 ›
316 3412 421 3486 tuor,
454 3395 495 3473 dr
514 3389 639 3471 affuso
659 3416 768 3494 aqua
796 3393 976 3486 dimidio,
1004 3389 1272 3501 permissuque
1296 3395 1429 3479 drach*

315 3497 386 3584 md·
403 3527 451 3582 ex
476 3499 649 3582 solientis
671 3521 763 3583 rutae
780 3497 1021 3583 subtiiissimi
1043 3508 1223 3612 pulveris,
1247 3513 1439 3614 propina·'

317 3612 390 3694 bia.-
436 3613 527 3692 Hoc
551 3635 625 3716 pur
639 3613 780 3694 educet
804 3613 1181 3726 &utinareopiosts
1233 3620 1276 3698 Si
1296 3639 1430 3703 tamen

313 3723 452 3804 omnia
473 3724 642 3803 tentanti
666 3725 777 3804 labor
791 3724 928 3809 frustra
944 3728 1111 3826 terserit,
1135 3725 1317 3812 necdum
1336 3750 1430 3835 rup⁴

316 3829 462 3954 truniit
483 3855 706 3943 empyema·
727 3837 910 3940 clysteriir
930 3841 1079 3927 acribru
1097 3860 1277 3954 uentrem
1298 3841 1428 3923 eluere

745 3969 772 4052 *1¹
1311 3973 1428 4059 ΟΡΟἷζ
