3510 4830
306 233 386 334 De
410 228 572 362 Veficae
600 229 867 367 Rerumque
893 230 1148 364 Affeilibus.
1258 278 1281 373 3

161 430 287 490 mone
327 409 615 487 rubicundiora.
673 409 723 485 Et
750 432 873 509 quum
898 432 946 487 eo
973 408 1085 490 status
1111 417 1284 517 progres-

163 524 248 601 sum
273 518 336 611 est,
366 520 519 598 femora
550 526 588 597 ὅ(
616 521 750 599 clunes
770 541 1038 614 extenuantur,
1064 542 1179 623 atque
1202 550 1284 626 gra·

162 631 365 722 eilescunt,
403 632 507 708 tibiae
534 633 798 723 debilitantur,
820 639 857 712 ὅ(
887 635 1117 734 quibusdam
1146 635 1280 740 suppu-

160 763 294 825 tantur
318 766 440 822 renes.
499 743 606 818 Nam
642 741 747 822 boni
765 768 810 820 ex
838 764 944 847 parte
981 748 1035 823 ita
1081 743 1281 842 finiuntur,

162 855 291 936 sedde
319 852 531 959 suppuratis
548 851 668 957 paulo
692 853 775 959 post
790 856 1024 935 ttastabitur.

567 1084 779 1177 Cauur
827 1083 896 1175 ssa

463 1293 641 1392 Curatio
677 1293 979 1431 Phlegmones.

224 1511 599 1595 Nflammationibus
637 1514 692 1588 ita
730 1510 984 1591 medendum.
1044 1507 1205 1615 AEgroti
1236 1516 1280 1597 in

253 1627 356 1702 letto
389 1621 658 1726 componendi
694 1621 781 1699 sunt
811 1618 930 1723 quim
956 1619 1207 1715 molliffimb,
1242 1635 1283 1709 δε

161 1741 333 1840 primum
387 1737 494 1814 diem
528 1730 550 1813 i
588 1734 681 1813 cibo
724 1732 949 1811 cohibendi.
1019 1734 1118 1811 Non
1145 1756 1281 1818 tamen

161 1845 253 1930 ficut
278 1851 322 1925 in
342 1849 424 1924 aliis
447 1845 824 1926 inflammationibus
848 1843 1077 1924 conducunt
1102 1865 1281 1930 extremae

160 1961 296 2039 inediae
309 1994 325 2048 ς
360 1956 425 2036 sed
449 1957 597 2058 aliquid
621 1955 888 2035 affumcndum
910 1948 1052 2060 potius,
1077 1954 1279 2036 observan-

161 2075 229 2162 do,
254 2091 377 2169 quum
402 2067 440 2143 se
462 2067 589 2145 febres
617 2067 870 2159 intenderint,
897 2065 1108 2169 &quando
1137 2064 1280 2147 relaxi-

160 2186 252 2263 riut.
282 2180 370 2256 Nec
399 2196 554 2256 tantum
577 2177 656 2254 illis
689 2179 851 2281 prosunt
877 2179 1049 2276 ieiunia,
1087 2197 1280 2278 quantum

161 2309 301 2375 noceat
332 2291 547 2367 acrimonia
585 2291 836 2391 intemperati
874 2291 976 2369 lotii.
1033 2289 1172 2367 Primis
1214 2314 1278 2372 au·

159 2425 241 2484 tem
273 2402 410 2481 diebus
434 2399 672 2479 sustentandi
702 2401 793 2479 sunt
822 2399 1101 2481 sorbitionibus
1128 2401 1277 2496 dilutis,

157 2523 197 2595 ὅ(
222 2540 327 2614 aquae
351 2530 461 2612 potu.
520 2510 656 2588 Mulso
679 2505 775 2590 vero
803 2533 872 2590 eos
898 2514 1081 2594 abstinete
1104 2534 1277 2618 oportet,

157 2623 227 2705 nist
251 2629 435 2721 jamtum
459 2622 587 2695 urinas
614 2623 716 2695 ciere
743 2622 963 2702 consultum
989 2621 1048 2711 stt3
1074 2625 1182 2724 quod
1200 2628 1278 2701 ini·

157 2744 219 2818 tio
231 2735 316 2812 fieri
329 2729 427 2806 mihi
439 2752 523 2808 non
542 2729 741 2831 probatur,
759 2751 1000 2839 anteaquam
1021 2733 1172 2835 liquido
1183 2756 1276 2811 con·

158 2846 297 2926 stiterit
326 2841 481 2917 dolores
515 2840 588 2919 effe
620 2840 799 2945 sopitos:
840 2871 922 2947 quo
956 2866 1134 2951 tempore
1165 2848 1276 2944 equi·

157 2960 248 3035 dein
272 2976 341 3057 per
360 2955 488 3031 urinas
520 2975 684 3057 purgare
717 2978 846 3060 opetae
867 2962 1039 3063 pretium
1063 2956 1148 3038 fore
1175 2955 1276 3055 judi·

158 3071 288 3149 carim.

556 3287 773 3386 Cabur
836 3291 922 3392 IV.

557 3499 636 3601 De
669 3501 870 3637 Clpstere.

269 3709 369 3794 Uod
393 3712 421 3793 st
441 3716 548 3800 alvus
571 3717 768 3798 vacuanda
794 3713 853 3807 iit,
894 3716 995 3796 nihil
1028 3715 1106 3793 tale
1137 3709 1273 3792 moliri

294 3845 454 3939 oportet
487 3829 604 3938 quale
632 3829 733 3940 illud
765 3826 954 3938 vacuaudi
990 3823 1276 4014 genusfngffilgad
