3510 4830
310 211 381 340 '25
616 211 809 309 Ruunt
841 206 1092 302 Etnrsrr

369 392 489 474 Oculi
519 387 631 487 veto,
662 391 772 495 quod
797 392 841 470 in
868 390 1002 469 medio
1039 382 1231 494 aspicitur,
1252 385 1349 470 visto
1377 387 1419 472 δι’

313 508 458 612 pupilla
475 525 750 608 nuncupatur:
778 504 935 605 glenam
961 504 1081 577 etiam
1108 495 1353 581 ssmulacrum
1374 505 1420 582 in

314 618 460 722 pupilla
482 640 663 723 apparens
688 631 843 693 vocant.
900 612 1022 719 Qrod
1057 631 1190 691 autem
1225 615 1327 691 inter
1351 635 1423 716 pu·

313 731 450 831 pillum
467 746 582 829 atque
600 729 734 807 album
754 726 993 804 continuum
1020 725 1232 820 interjacet,
1259 725 1323 800 iris
1345 723 1424 801 est:

312 835 364 916 stc
391 842 540 939 utique,
563 833 672 937 quod
699 837 835 914 colore
868 836 1024 924 evariet,
1059 837 1306 911 nominatur:
1331 853 1428 910 nam

316 944 445 1027 modo
466 953 635 1050 nigrum,
662 940 788 1025 modo
806 949 980 1046 igneum,
1004 940 1130 1028 modo
1155 938 1312 1037 celtum,
1334 965 1426 1021 mo·

318 1054 372 1135 do
392 1057 635 1160 splendidum
668 1057 709 1132 id
741 1053 813 1131 elle
844 1054 1116 1158 conspicimus.
1177 1055 1342 1134 Corona
1366 1056 1429 1132 ni·'

317 1191 431 1269 grum
446 1171 581 1259 ambit,
600 1173 639 1246 δι
661 1167 709 1242 ab
729 1166 821 1243 albo
850 1163 1061 1266 distinguit,
1099 1188 1181 1265 quar
1201 1166 1368 1244 circulus
1385 1169 1429 1244 oe

318 1279 460 1380 copula
486 1282 594 1359 oculi
623 1279 843 1356 tunicarum
878 1273 942 1351 est.
998 1275 1143 1355 Earum
1178 1269 1268 1355 sani
1300 1277 1428 1380 prima

319 1389 464 1466 duabus
482 1391 626 1469 naturis
652 1387 807 1491 predita
826 1384 906 1463 duo
933 1409 1092 1489 quoquc
1116 1388 1280 1464 nomina
1298 1388 1397 1489 gerit
1416 1413 1428 1462 :

319 1502 569 1576 cornicularis
582 1497 743 1599 quidem
763 1501 805 1573 ln
825 1495 971 1587 medio,
998 1496 1243 1598 &usquead
1263 1497 1429 1575 iridem:

317 1608 399 1689 haec
427 1613 534 1687 enim
562 1613 641 1704 ejus
660 1607 846 1711 particula
865 1607 1043 1709 expolitis
1074 1608 1257 1685 cornibus
1275 1602 1436 1686 affimu·

319 1721 448 1795 latur:
477 1718 639 1795 candida
658 1713 753 1796 vero
771 1720 820 1796 est
836 1718 954 1793 altera
972 1740 1057 1817 pars
1083 1720 1227 1810 omnis,
1254 1720 1378 1818 qualis
1391 1720 1433 1795 &

320 1826 524 1930 aspicitur:
551 1827 651 1905 nihil
674 1828 811 1904 media
824 1849 952 1927 neque
967 1821 1117 1920 naturi,
1150 1849 1278 1928 neque
1296 1828 1438 1905 coloro

321 1932 455 2015 similis
469 1975 484 2028 ,·
521 1935 589 2040 ipst
623 1958 754 2015 autern
780 1957 918 2016 vocata
949 1936 1154 2038 epidermis
1170 1938 1434 2040 superincum-¹

323 2051 407 2126 bit:
435 2045 514 2150 qui
547 2055 590 2126 in
613 2049 816 2147 juvenibus
837 2052 877 2125 δε
896 2046 1124 2140 senioribus,
1151 2053 1190 2126 ἃ
1220 2050 1261 2124 in
1283 2046 1434 2142 affeetu,

323 2160 391 2255 qui
412 2157 599 2234 chemofis
624 2154 757 2257 graeee,
794 2161 932 2257 unguis
972 2153 1093 2233 latini
1123 2157 1278 2248 dicitur,
1308 2158 1436 2238 absce-

319 2267 438 2343 dente
470 2285 585 2364 atque
626 2269 736 2357 elata,
784 2263 931 2344 ruffum
958 2262 1033 2343 stve
1062 2271 1223 2368 igneum
1251 2273 1434 2345 cernitur.

319 2374 419 2453 Aliae
438 2380 587 2468 tunica,
628 2371 791 2477 quafint
817 2377 1112 2452 nomenclatura
1135 2376 1312 2478 praeditae,
1342 2398 1439 2480 paug

322 2481 365 2563 lo
383 2477 543 2562 inferius
572 2491 614 2562 in
643 2485 820 2564 animalis
839 2482 1061 2565 diffeiiione
1074 2487 1338 2585 explicabitur.

382 2596 461 2672 Sub
495 2597 621 2671 oculis
659 2598 893 2694 insurgentia
920 2597 1008 2685 olla,
1052 2592 1305 2689 subocularia,
1338 2621 1438 2675 non·

326 2709 427 2786 nulli
458 2705 521 2780 alii
568 2704 736 2804 hypopia
782 2706 1004 2779 nominant.
1075 2702 1115 2778 A
1144 2704 1439 2807 superciliorum

328 2817 461 2894 medio
492 2813 707 2899 interstitio,
736 2807 840 2916 quod
852 2805 1063 2915 glabellam
1089 2815 1227 2891 vocari
1251 2813 1437 2915 diximus,

330 2921 509 2999 deorsum
524 2919 651 2996 versus
672 2923 783 2995 nalus
809 2921 1079 3019 protenditur:
1112 2926 1218 3016 cujus
1244 2924 1440 3011 foramina

328 3029 556 3118 rhotltones‚
590 3032 629 3105 &
663 3051 785 3119 nares,
814 3024 931 3109 attice
958 3053 1117 3131 quoque
1148 3056 1275 3132 myxte
1311 3042 1437 3143 appel-

330 3145 490 3220 lantur:
534 3139 597 3216 sed
615 3141 866 3241 Hippocrates
892 3140 1121 3246 pituitosum
1146 3167 1440 3230 excrementum

331 3277 399 3355 per
419 3249 513 3351 ipsas
530 3249 733 3343 destillans,
771 3254 933 3345 mirram,
967 3252 1097 3332 Latini
1126 3277 1328 3337 mucorem
1369 3285 1437 3342 vo

334 3380 436 3450 eant,
464 3358 723 3437 Athenienses
741 3358 835 3440 vero
851 3388 1058 3460 coryzam:
1089 3368 1379 3471 cartilagineum
1396 3375 1442 3454 il-

332 3472 412 3562 lud,
438 3471 545 3569 quod
566 3470 757 3545 foramina
772 3470 977 3571 distinguit,
1004 3469 1081 3550 nasr
1100 3477 1353 3581 interseptum
1368 3485 1442 3564 est:

333 3599 459 3684 partes
482 3578 598 3670 olleae,
617 3603 700 3677 quae
727 3582 908 3680 utrinque
942 3585 989 3660 ad
1017 3587 1135 3663 malas
1151 3609 1328 3692 vergunt,
1362 3595 1440 3675 nali

334 3692 513 3776 dorsum3
546 3709 716 3768 extrema
731 3685 825 3768 vero
840 3691 931 3770 hinc
956 3713 1071 3794 atque
1091 3697 1183 3776 inde
1197 3701 1355 3800 hujusce
1378 3706 1436 3780 os.

336 3801 388 3879 sei
408 3801 541 3901 fastigii
568 3806 694 3904 pinna
726 3822 869 3882 vocatae
900 3804 1015 3883 sunt:
1057 3805 1129 3883 ista
1152 3813 1194 3886 in
1224 3812 1436 3891 vehemen-

335 3916 427 3992 tiori
447 3911 596 4017 spiritus
623 3907 860 4008 difficultate,
897 3921 935 3997 &
974 3918 1120 4022 alioqui
1144 3915 1237 4000 ciam
1263 3923 1439 4005 volueri·

1350 4058 1436 4121 mUS
