3510 4830
455 241 523 375 69
786 244 977 343 Rurrr
1008 244 1275 342 Ernrsrr'

462 452 508 512 ae
526 426 846 523 circumductio,
877 432 1041 508 exterius
1064 432 1199 533 aspera
1221 426 1452 533 spinosoque
1477 412 1568 509 lint}

463 560 578 619 carne
601 541 774 642 ingenita
799 543 957 633 obruta,
995 537 1018 616 i
1044 542 1226 620 lateribus
1248 545 1290 618 in
1319 540 1458 618 mensae
1482 541 1565 620 for·

461 670 571 730 mam
601 652 832 754 explanata,
867 675 1007 729 omnes
1043 652 1084 730 in
1107 651 1241 729 medio
1268 673 1456 742 concava,
1479 655 1565 729 uni-

461 781 554 839 cum
583 763 627 838 in
654 759 724 839 suo
765 783 929 863 corpore
955 758 1123 840 cochlea
1155 760 1267 837 instar
1300 759 1478 838 foramen
1500 760 1564 835 ha-

461 870 611 963 bentes,
633 893 701 974 per
717 870 827 972 quod
846 868 905 966 (ut
938 869 1047 975 supra
1081 870 1277 974 diximus)
1307 870 1460 971 spinalis
1486 891 1566 945 me·

461 977 570 1058 dulia
607 979 869 1058 demitttitur:
910 984 953 1059 in
983 977 1198 1060 transverlis
1221 998 1398 1085 praterea
1416 978 1566 1081 proces·

459 1084 559 1168 libus
577 1113 712 1194 parum
731 1085 944 1171 desidentes
967 1086 1068 1170 finus
1096 1090 1254 1186 habent,
1282 1093 1351 1192 qui
1378 1089 1568 1169 costarum

458 1215 633 1278 extrema
650 1203 856 1305 recipiunt.
912 1202 1070 1303 Nempe
1090 1201 1278 1280 costarum
1299 1200 1381 1278 aliae
1402 1199 1571 1301 superius

458 1307 606 1389 inflexa
626 1309 740 1388 instat
763 1309 936 1401 fornicis,
959 1312 1061 1391 inter
1082 1309 1121 1388 se
1140 1310 1280 1403 deinde
1307 1310 1351 1388 in
1385 1310 1571 1386 interiora

459 1415 602 1495 leniter
627 1418 736 1494 flexae
761 1423 1098 1496 committuntur:
1137 1421 1218 1496 aliae
1244 1421 1413 1519 obliqua
1437 1439 1571 1495 occur-

459 1522 597 1617 santes,
618 1524 748 1632 postea
765 1522 1017 1631 cartilaginea
1026 1527 1130 1606 falia
1139 1528 1265 1631 spina,
1279 1527 1484 1632 spuriaque
1491 1525 1571 1604 cos·

457 1632 518 1715 lla
534 1640 803 1728 nominantur,
827 1643 867 1716 &
885 1641 1088 1737 majorem,
1105 1635 1221 1740 quim
1240 1641 1282 1715 in
1300 1637 1571 1741 superioribus,

457 1748 665 1824 circuitum
686 1770 731 1823 er
751 1749 942 1825 concursu
960 1752 1159 1829 minorem
1180 1748 1338 1826 faciunt.
1393 1748 1570 1847 Reliquis

458 1857 646 1935 omnibus
662 1858 845 1937 vertebris
873 1858 1013 1935 ultima
1034 1856 1189 1962 praellat,
1210 1858 1319 1959 quod
1344 1862 1384 1935 &
1420 1855 1570 1934 sacrum

459 1988 507 2043 os
524 1964 736 2045 secundum
767 1969 1020 2069 antiquorum
1049 1967 1370 2046 consuetudinem
1400 1966 1566 2072 appella-

456 2094 569 2154 mus:
605 2080 675 2179 qui
703 2080 839 2156 omnia
859 2101 1001 2181 magna
1032 2077 1133 2157 sacra
1148 2078 1403 2183 appellabant.

511 2185 579 2265 Ab
597 2205 764 2288 utroque
794 2206 926 2266 autem
945 2189 1058 2287 hujus
1091 2193 1274 2270 vertebra
1309 2191 1429 2266 latere
1458 2208 1568 2266 coxa·

455 2318 545 2372 rum
576 2298 652 2375 olla
686 2296 872 2399 posterius
898 2297 1171 2392 extenduntur,
1207 2294 1354 2403 suisque
1389 2300 1570 2378 extremis

455 2397 529 2481 oss‘a
546 2406 671 2506 pubis,
703 2410 767 2483 cui
798 2409 942 2508 pectini
967 2431 1117 2486 nomen
1139 2407 1203 2498 cst,
1243 2409 1466 2508 cartilagine
1482 2428 1568 2484 coa·

456 2512 642 2590 lescentia
666 2513 898 2609 deligantur.
956 2518 1045 2588 Haec
1065 2517 1184 2614 figura
1205 2518 1282 2591 lata
1309 2514 1398 2590 sunt
1421 2537 1465 2591 ac
1486 2514 1569 2593 sub-

458 2619 642 2715 rotunda,
666 2618 865 2698 interdum
885 2620 1004 2697 etiam
1025 2620 1177 2722 angusta
1203 2647 1247 2700 ac
1280 2616 1469 2701 cralllore.
1526 2624 1570 2701 Id

458 2752 581 2835 genus
599 2728 677 2808 olla
699 2725 799 2807 linus
820 2730 1080 2808 verticillatos'
1098 2753 1182 2809 non
1216 2727 1342 2813 erant
1373 2751 1573 2837 penetran-

460 2859 531 2931 res,
558 2839 621 2916 sed
659 2838 876 2942 profundos
911 2840 1069 2927 habent,
1110 2865 1210 2942 quos
1242 2841 1371 2922 Graect'
1411 2845 1571 2943 cotylas,

461 2945 609 3028 Larini
633 2943 834 3026 acetabula
856 2969 1023 3027 vocant:
1057 2954 1099 3027 in
1125 2974 1192 3027 cos
1210 2952 1425 3029 foemorum
1447 2957 1572 3055 capita

461 3059 736 3155 conjiciuntur.
793 3057 849 3134 At
885 3055 1053 3138 foemora
1095 3062 1287 3169 praelonga
1330 3061 1574 3165 valentiaque

460 3166 540 3248 ossa
561 3168 662 3260 sunt,
685 3163 705 3248 i
724 3171 829 3245 coxis
845 3166 892 3244 ad
905 3191 1030 3269 genua
1052 3172 1170 3269 usque
1186 3173 1431 3274 pertinentia,
1458 3179 1573 3251 tereti

461 3275 593 3379 figura,
616 3295 731 3380 atquc
751 3280 792 3354 in
813 3281 1003 3357 exteriore
1021 3299 1127 3382 parte
1139 3284 1283 3382 gibba:
1311 3282 1358 3360 ab
1379 3281 1571 3363 inferiori·

459 3388 533 3465 bus
549 3408 692 3479 autem,
714 3412 792 3489 qua
824 3411 950 3487 genua
992 3393 1201 3492 attingunt,
1233 3386 1421 3471 tuberosus
1445 3394 1573 3495 globis

463 3497 728 3575 intumescunt
751 3495 864 3586 adeo,
897 3517 940 3574 ut
965 3503 1147 3601 utrinque
1185 3504 1227 3578 in
1264 3503 1432 3582 rotunda
1448 3499 1574 3608 capita

459 3605 717 3708 consurgant:
748 3606 876 3681 media
895 3602 990 3686 vcro
1018 3604 1162 3688 sinuata
1183 3608 1283 3704 sunt,
1317 3635 1399 3711 quo
1422 3609 1574 3693 facilius

460 3714 624 3833 excipil
647 3716 750 3795 tibiis
777 3708 922 3820 foffint
939 3744 949 3796 ε
968 3742 1052 3823 quae
1066 3723 1275 3824 triangula,
1303 3727 1342 3812 ὅ(
1364 3727 1405 3802 in
1420 3721 1573 3802 summo

948 3860 953 3869 ·
1449 3854 1577 3939 capite
