3510 4830
772 157 948 294 (ιο)

310 358 540 441 variolatum
577 353 780 431 curatione
817 349 1016 428 minorem
1055 344 1167 429 affert
1197 351 1422 448 utilitatem,

313 493 358 548 ut
375 465 602 569 quotidiana
620 465 864 565 optimorum
888 459 1135 540 medicorum
1158 464 1283 595 pranis
1303 463 1423 545 fidem

314 580 422 673 facit,
459 571 550 653 cum
578 575 685 651 enim
716 576 759 649 in
783 571 900 648 initio
927 572 981 648 ita
1010 574 1183 650 omnino
1202 567 1339 674 parum
1357 595 1426 656 aut

226 717 235 725 ·
316 691 425 769 nulla
456 681 500 765 stt
542 683 734 787 sanguinis
770 679 978 771 ebullitio,
1019 703 1064 758 ut
1100 699 1253 788 torpere
1291 688 1429 789 magis,

316 796 435 902 quam
451 786 581 876 vivide
605 796 737 896 agitari
764 790 968 868 videantur
1005 788 1169 894 spiritus,
1207 797 1246 872 dc
1281 798 1429 875 timen-

320 911 417 993 dum
446 905 511 1000 est,
546 929 598 982 ne
624 904 679 981 ob
705 904 891 1004 exiguum
917 899 1023 977 hunc
1049 903 1195 981 cruoris
1221 902 1432 999 fervorem,

321 1016 439 1123 scriba
479 1015 766 1116 aliquantulum
799 1015 840 1091 dr
888 1005 1103 1088 commode
1138 1014 1270 1091 minus
1312 1010 1432 1117 qudm

320 1152 388 1239 par
412 1123 477 1219 eli,
507 1126 704 1226 eruperint
730 1120 905 1210 variola,
931 1121 1044 1200 rebus
1055 1114 1106 1201 stc
1127 1120 1323 1216 stantibus,
1348 1149 1434 1207 non
1469 1223 1472 1228 ι

323 1237 376 1319 est
400 1235 505 1315 unde
531 1253 710 1313 naturam
733 1234 845 1309 citius
865 1228 1122 1324 sublevemus,
1144 1227 1263 1337 qudm
1283 1229 1311 1311 li
1331 1237 1434 1316 inter

321 1347 491 1454 scapulas
522 1350 562 1423 dr
605 1343 769 1423 brachiis
804 1336 1007 1421 vestcantia
1047 1342 1359 1433 admoverimus3
1410 1368 1436 1424 r

325 1476 463 1541 contra
492 1452 621 1557 sapius
643 1453 795 1547 accidit,
827 1447 938 1554 quod
958 1456 1038 1551 jam
1060 1454 1250 1533 inclinato
1274 1453 1435 1549 morbo,

325 1594 375 1649 ex
392 1563 554 1646 materid
575 1561 780 1657 variolosd,
823 1565 887 1642 vel
924 1566 967 1642 in
993 1587 1065 1666 pus
1105 1563 1288 1648 nondum
1312 1560 1436 1659 varst,

325 1678 388 1759 vel
416 1680 459 1756 in
498 1675 724 1776 sanguinem
754 1668 924 1778 resorptd
963 1672 1176 1754 uehemens
1198 1673 1438 1755 recrudescat

329 1786 462 1878 febris,
488 1808 608 1886 quam
630 1789 733 1864 varia
772 1775 981 1887 derepente
1015 1785 1272 1887 insequuntur
1287 1783 1440 1887 pheno·

331 1919 461 1989 mena,
487 1896 615 1997 qualia
639 1893 727 1974 sunt
746 1894 889 1994 linguar
918 1886 1061 1972 siccitas
1084 1898 1125 1974 dc
1148 1896 1334 1998 nigrities,
1370 1894 1442 2000 spi·

332 2006 444 2089 ‘randi
475 1998 708 2099 difficultas,
743 2006 845 2083 cutis
874 2003 989 2083 ardor
1024 2003 1294 2096 intolerabilis,
1319 2009 1375 2085 ira
1397 2024 1444 2085 ut

332 2140 437 2218 xgro
465 2118 643 2215 protinus
669 2111 921 2190 moriendum
954 2100 1013 2205 fit,
1052 2109 1125 2190 nist
1158 2113 1285 2191 statim
1314 2117 1444 2195 valen·

331 2218 476 2304 tilstma
504 2221 759 2301 adhibeantur
795 2219 980 2313 remedia,
1017 2224 1119 2300 inter
1154 2245 1237 2322 quae
1271 2227 1447 2326 primum

332 2336 471 2417 locum
503 2331 688 2409 obtinent
724 2324 928 2411 vestcantia
964 2333 1005 2409 dc
1039 2330 1323 2434 phlebotomia,
1361 2357 1448 2437 quae

332 2446 520 2527 humores
537 2439 763 2522 evacuando
778 2456 864 2520 nou
892 2439 1018 2518 modo
1040 2433 1337 2522 fervidissimum
1364 2444 1447 2522 san·

334 2555 463 2659 guinis
491 2551 620 2633 aestum
649 2553 939 2653 commingant,
983 2549 1049 2629 sed
1081 2552 1200 2630 etiam
1219 2550 1447 2634 liberiorem

276 2740 279 2745 .
337 2663 533 2772 spiritibus
561 2658 763 2743 transtrum
790 2661 973 2763 praebent.

394 2877 458 2959 Est
489 2869 586 2958 verb
616 2875 697 2969 ubi,
723 2872 795 2952 sub
831 2873 966 2976 primis
991 2871 1104 2969 hujus
1134 2878 1267 2959 'morbi
1301 2880 1450 2979 diebus,

340 2987 475 3074 nescio
516 3009 566 3066 an
597 3009 683 3064 non
708 2980 851 3088 praeliat
885 2981 1053 3064 cunctari
1078 2989 1292 3094 paulisper,
1331 3018 1451 3096 quam

339 3089 581 3211 praepropcrd
623 3098 742 3175 nimis
779 3094 859 3197 hoc
886 3095 946 3173 uti
980 3098 1161 3196 auxilio,
1206 3101 1300 3180 licet
1341 3102 1454 3187 aliter

338 3214 653 3315 symptomatum
675 3210 733 3286 vis
762 3204 952 3310 postulare
975 3207 1161 3306 videatur,
1190 3214 1321 3291 evenit
1344 3217 1455 3295 enirn

346 3319 560 3412 interdum,
576 3318 686 3420 quod
706 3322 748 3397 in
770 3319 887 3397 initio
898 3318 1147 3417 variolarum,
1177 3320 1292 3401 massa
1306 3323 1455 3430 sangui-

346 3453 423 3511 nea
443 3433 485 3508 in
514 3432 668 3533 rantum
696 3431 751 3506 ita
775 3426 1022 3522 disolvatur,
1061 3450 1105 3510 ut
1140 3456 1209 3537 per
1233 3438 1352 3513 urina
1374 3442 1455 3517 vias

334 3540 390 3622 r&
427 3536 627 3643 glandults
642 3537 826 3622 -salivales
860 3554 1101 3644 prorumpat,
1136 3542 1309 3647 quisquis
1338 3549 1455 3649 igitur

351 3654 397 3732 in
424 3650 505 3731 hoc
525 3651 713 3757 temporis
745 3647 910 3730 articulo
937 3644 1140 3734 vestcantia
1167 3656 1396 3764 apposuerit,
1424 3661 1456 3735 is

349 3759 591 3869 oleum-igni
622 3758 804 3859 affundit,
831 3761 929 3845 dum
948 3784 1128 3880 umorem
1155 3791 1205 3853 ex
1235 3764 1455 3849 immodico

851 3901 875 3959 ι
1327 3878 1458 3960 morbi
