3510 4830
438 250 505 357 67
739 244 918 338 Rurrr
972 242 1225 335 Enursrr

440 428 503 507 rire
525 440 665 501 vacatae
680 422 941 523 coniungitur.
998 419 1094 498 Duae
1109 437 1287 523 praterea
1309 417 1397 500 sunt
1417 422 1554 505 secutr-

442 537 539 613 dum
561 557 667 611 aures
690 534 732 609 in
759 552 986 636 temporum
1006 529 1157 608 sedibus
1189 530 1410 630 sqammolae
1433 535 1551 632 didiae,

442 667 528 724 non
557 644 598 720 in
632 642 845 746 pto'fundo,
874 660 916 717 ut
946 638 1114 742 reliquae,
1137 637 1332 720 struilutas
1353 643 1550 728 habentes.

440 753 567 831 Priori
589 778 632 828 er
652 772 757 853 parte
777 773 947 829 cavetnae
975 748 1182 827 oculorum
1199 749 1303 829 sedes
1322 750 1410 830 sunt
1425 776 1447 828 ε·
1462 777 1550 854 pye-

443 863 540 940 lidas
563 859 690 941 Graeci
724 864 947 959 nominant,
970 883 1037 939 nos
1058 855 1222 952 arculas,
1247 857 1322 965 stu
1330 857 1555 967 pelviculas

443 968 666 1055 dixerimus.
718 972 824 1053 Inter
837 970 909 1051 ¹bas
927 965 1004 1047 nali
1029 993 1076 1048 os
1109 968 1284 1072 insurgit,
1324 973 1426 1048 intra
1445 972 1554 1073 quod

443 1083 655 1160 ithmoides
682 1075 704 1158 d
733 1082 850 1161 cribri
873 1077 1124 1158 similitudine
1150 1081 1477 1183 cognominatum
1505 1085 1557 1162 ba

441 1194 578 1270 multis
622 1190 881 1271 foraminibus
936 1211 1073 1268 cavum
1120 1189 1355 1270 reconditur.
1426 1191 1559 1273 Facies

443 1321 623 1405 praeterea
638 1294 783 1379 ollium
818 1299 1175 1401 coagmentationes
1200 1298 1294 1376 tales
1322 1297 1451 1390 habet,
1489 1303 1550 1378 in.

441 1416 501 1489 fra
523 1409 878 1516 supercilia-unam,
905 1408 998 1484 duas
1013 1408 1062 1483 ab
1083 1402 1162 1483 nali
1175 1401 1267 1485 ollas
1276 1409 1447 1508 obliquis
1460 1410 1551 1488 late-

442 1519 559 1613 ribus,
595 1510 770 1619 quartam
804 1514 1032 1594 inferiorem
1071 1515 1270 1593 maxillam
1304 1514 1556 1620 separantem,

439 1633 622 1733 quintam
640 1633 683 1708 in
711 1629 840 1732 palato
864 1617 1129 1729 iugalibusque
1148 1618 1306 1718 ollibus,
1334 1625 1426 1722 duas
1450 1629 1554 1722 aliar,

441 1762 526 1842 qua
541 1743 612 1821 ¹virt
635 1743 744 1829 cerni
762 1755 908 1840 queant
931 1739 974 1812 in
996 1734 1119 1814 malis.
1175 1735 1233 1814 At
1261 1737 1422 1816 calvaria
1435 1740 1483 1817 ab
1495 1740 1552 1817 in-

441 1848 649 1929 ferioribus
677 1848 846 1953 partibus
871 1866 1044 1926 concava
1064 1842 1260 1924 foramina
1278 1842 1472 1950 profirnda
1491 1872 1552 1927 ro

440 1955 639 2063 turdique
661 1957 791 2053 habet,
818 1980 887 2063 per
908 1980 991 2060 quae
1012 1955 1169 2062 ‘spinalir
1193 1957 1366 2040 medulla
1391 1956 1556 2061 descen<

443 2069 514 2150 dit.

438 2290 442 2297 '
486 2288 614 2368 .Colli
635 2290 783 2394 septem
805 2291 987 2371 vertebra
1009 2284 1098 2367 sunt
1113 2287 1216 2366 inter
1237 2284 1276 2365 se
1294 2306 1554 2390 congruenter

443 2399 619 2480 insertae:
647 2399 786 2479 barum
803 2405 929 2506 prima
947 2399 1064 2502 capiti
1087 2416 1244 2474 motum
1265 2396 1435 2488 exbibet,
1463 2402 1555 2475 reli-

437 2508 530 2612 qua
552 2509 790 2582 inimobilee·
803 2509 927 2580 fune:
943 2505 1091 2604 -postee
1114 2505 1298 2579 humetur
1319 2503 1385 2594 eli,
1414 2505 1557 2584 deinde

443 2614 621 2720 seoptula
641 2609 913 2719 operta'figura
934 2608 1127 2710 triangula
1156 2611 1319 2711 pectoris
1336 2610 1447 2691 costis
1467 2612 1557 2718 pos-

445 2730 567 2808 terius
580 2722 789 2802 ad'tabella
805 2721 1016 2824 imaginem
1039 2718 1301 2799 incumbunt:
1327 2717 1453 2827 &qui
1473 2749 1555 2830 pas.

446 2855 488 2916 te
499 2836 637 2915 latiora
650 2831 750 2924 sunt,
780 2833 836 2910 ibi
867 2833 987 2910 etiam
1004 2820 1249 2906 tenuiss'rma:
1277 2854 1353 2931 qua
1372 2829 1467 2912 verti
1489 2860 1553 2914 an·

447 2945 626 3051 gustiora,
649 2942 703 3019 ibi
715 2945 754 3020 dt
767 2934 945 3020 cralstota
965 2944 1004 3019 dt
1016 2936 1275 3018 robustiorain
1294 2935 1555 3044 boumquen.

448 3056 539 3134 dam
563 3047 814 3135 subfidentia:
845 3055 886 3129 in
897 3074 1018 3154 quem
1029 3047 1183 3149 humeri
1201 3067 1313 3152 caput
1331 3054 1554 3143 coniicitur.

442 3164 518 3245 'Ab
531 3189 581 3243 eo
598 3159 682 3244 finu
700 3162 890 3269 proeeffus
905 3163 1081 3262 exigitur,
1108 3182 1180 3238 eeu
1191 3158 1297 3261 spina
1312 3161 1489 3262 quodam
1506 3167 1555 3243 ab

448 3275 624 3369 anchora
645 3266 1101 3375 henrique'fimilitudine
1131 3271 1356 3368 ancyroide's
1376 3277 1416 3380 de
1439 3266 1557 3353 ancil

447 3386 594 3465 ttoides
615 3379 749 3465 Greci
765 3402 1035 3488 nuncupatur:
1068 3402 1161 3458 eum
1179 3404 1263 3485 quo
1290 3384 1412 3485 juguli
1433 3380 1553 3465 extro

449 3518 560 3576 mum
574 3519 643 3601 per
664 3494 929 3608 cartilaginem
949 3490 1167 3576 coalescens
1187 3496 1461 3600 committitur.

1493 3827 1554 3932 rt
