3510 4830
311 259 392 397 ‘22⁴
629 264 821 368 Ruart
853 259 1098 360 Eiursrr

311 449 486 558 ipsorum
520 440 680 528 dorsum
714 443 867 526 dicitur.
921 441 1145 526 Acromion
1178 432 1315 548 juguli,
1342 444 1421 533 ser?

312 551 570 667 pularlrmque
595 552 686 637 offis
715 557 856 660 copula
877 555 940 634 eli.
997 555 1192 634 Eudemus
1216 552 1313 640 vero
1330 553 1421 639 olil-

311 672 449 750 culum
485 673 738 775 perexiguum
763 668 835 748 effe
865 667 961 745 dixit
990 669 1206 746 acromion.
1267 669 1441 768 claves,

312 796 399 883 quae
432 784 473 859 dc
504 782 635 881 ligula
655 779 836 862 dicuntur
874 777 944 854 sub
973 777 1058 853 imo
1091 778 1200 853 collo
1234 776 1310 854 olla
1336 780 1425 858 sunt

313 887 600 994 cumpeiloris
620 884 701 967 olle
724 887 938 979 commitis,
963 883 1148 964 humeros
1168 882 1426 990 scapulisque,

314 1024 370 1093 nc
391 1001 439 1076 in-
455 998 587 1102 pestus
610 996 762 1088 cadant,
789 999 941 1075 utraliis
966 997 1162 1094 contingit
1180 999 1426 1093 animalibus,

313 1106 587 1217 prohibentia;
613 1101 708 1186 nam
739 1123 873 1184 catera
904 1104 1086 1184 animalia
1115 1108 1258 1206 jugulis
1278 1110 1426 1211 privata

317 1216 431 1300 sunt:
458 1218 643 1323 quocirca
664 1208 890 1295 &latiiirmi
905 1216 1067 1318 pudioris
1089 1214 1215 1294 homo
1238 1215 1301 1295 eli.
1446 1260 1448 1265 ,

372 1328 452 1407 Ala
476 1330 546 1408 sub
578 1325 732 1406 humeri
764 1327 931 1426 articulo
961 1325 1102 1404 cavitas
1132 1324 1197 1417 est,
1236 1329 1427 1429 inquam

316 1439 413 1542 iaejpe
445 1435 630 1517 humerus
663 1438 863 1517 lunatione
897 1433 1098 1515 delabitur.
1154 1434 1306 1514 Malam
1332 1433 1455 1541 veto,

318 1545 511 1653 appellate
534 1542 638 1624 haud
661 1543 783 1626 Gtaeci
804 1543 993 1625 sermonis
1009 1543 1090 1636 ests
1116 1540 1267 1647 aliquid
1295 1563 1429 1628 aurem

320 1659 394 1738 sub
423 1657 483 1736 ala
510 1657 705 1736 celantem
729 1654 843 1747 ferte,
882 1654 952 1734 sub
976 1657 1079 1734 mala
1108 1654 1250 1735 habere
1277 1654 1428 1736 dicunt.

321 1767 517 1846 Humerus
545 1765 646 1844 illud
669 1771 787 1845 etiam
809 1759 1187 1857 administretur,
1213 1766 1323 1866 quod
1345 1770 1431 1844 exit

321 1876 373 1956 ab
391 1874 570 1970 humero,
584 1870 664 1983 sed
683 1869 711 1953 ὸ
729 1871 879 1954 Grecis
906 1870 1116 1954 brachium.
1173 1877 1297 1972 Hujus
1328 1874 1432 1976 apud

322 1985 535 2071 humetum
557 1983 776 2068 rotunditas
813 2001 927 2088 caput
963 1985 1117 2063 humeri
1143 1984 1207 2062 est.
1263 1983 1433 2064 interior

322 2099 429 2195 iuxta
453 2097 632 2176 cubitum
658 2090 834 2184 excelsus,
859 2117 981 2196 quem
1003 2095 1222 2173 nonnullos
1252 2089 1434 2197 imperiti

321 2203 541 2308 procell‘um
560 2219 759 2284 autumate
784 2202 882 2280 dixit
916 2204 1181 2305 Hippocrates,
1210 2208 1249 2281 ὅ(
1276 2203 1356 2305 ipse
1381 2207 1434 2283 al·

316 2332 454 2393 ‘terum
481 2313 635 2392 humeri
655 2330 770 2414 caput
794 2310 870 2390 est:
896 2311 980 2414 post
1003 2310 1212 2392 humetum
1240 2331 1345 2390 totus
1373 2333 1434 2392 ar·

323 2422 480 2514 siculus,
518 2416 753 2526 acunlntque
780 2418 892 2512 illud,
935 2422 1002 2499 cui
1033 2421 1213 2498 reclinati
1240 2414 1465 2503 incumbi·'

326 2556 429 2624 anus,
455 2552 587 2611 ancon
609 2525 632 2611 l
655 2527 900 2630 quibusdam,
940 2530 990 2606 ab
1016 2530 1101 2604 aliis
1130 2530 1344 2611 olecranon
1370 2555 1438 2612 vo·

327 2660 448 2720 catur.
503 2638 633 2716 Dotes
658 2637 789 2715 autern
803 2634 976 2713 Siciliam
997 2636 1228 2732 incolentes,
1247 2641 1438 2736 cubitum,

328 2763 377 2831 ut
396 2769 498 2831 nunc
518 2740 625 2852 apud
646 2740 819 2822 Latinos
842 2743 887 2822 in
903 2741 971 2848 uste
984 2740 1050 2847 est,
1077 2751 1281 2851 appellant.
1327 2755 1463 2861 Qun·

332 2854 584 2960 Epicharmus
608 2854 743 2931 cubito
761 2850 875 2928 scrire
898 2849 1073 2955 κυςῖἰίζαν,
1102 2854 1181 2932 hoc
1206 2856 1257 2932 est
1281 2862 1441 2940 cubitis.

331 2966 428 3056 sare,
454 2956 612 3041 verbm
644 2955 665 3038 ὲ
700 2952 816 3038 uerbo
850 2954 1125 3064 tramferendo,
1162 2965 1349 3067 appellat,
1376 2971 1441 3051 os.

332 3066 433 3154 sium
466 3066 563 3150 verb
588 3067 735 3151 bradui
761 3069 871 3171 quod
904 3068 1102 3167 subjicitur
1132 3074 1311 3167 cubitus,
1330 3076 1459 3182 supra'
1520 3082 1522 3084 ’

336 3177 507 3287 positum
535 3178 663 3261 radius
696 3177 767 3274 est,
793 3179 874 3263 huc
903 3181 951 3259 ad
983 3179 1175 3261 brachiale
1202 3186 1443 3288 protendun-

337 3309 428 3370 tur:
455 3287 541 3393 poli
559 3289 669 3394 quod
686 3289 763 3368 lata
778 3312 863 3394 pars
880 3292 921 3370 &
937 3289 1148 3394 compacta,
1167 3297 1296 3394 palma
1306 3291 1448 3394 latini,

330 3393 460 3514 grece
482 3401 760 3501 metaearpion,
786 3393 981 3499 rariusque
1002 3404 1250 3485 nominatur:
1277 3406 1441 3509 sequun.

342 3528 408 3586 tur
432 3508 556 3620 digiti.
612 3507 755 3586 Manus
773 3524 906 3585 totum
927 3507 1026 3589 illud
1047 3507 1100 3589 est
1121 3513 1230 3612 quod
1246 3515 1295 3593 ab
1312 3514 1446 3599 hume:

342 3642 392 3702 ro
415 3615 573 3721 pendet,
597 3618 638 3697 dc
663 3634 881 3695 extremum
906 3642 989 3721 quo
1013 3619 1347 3724 apprehendimus.
1385 3631 1441 3710 Ex

343 3726 477 3831 digitis
501 3747 663 3831 maguus
696 3720 906 3836 pollquue
936 3727 1062 3808 eliab
1093 3731 1178 3811 aliis
1203 3733 1443 3820 summotus:

344 3839 444 3949 illi!
471 3834 590 3951 iude}
619 3836 722 3949 iuter
745 3857 911 3946 quatuor
936 3837 1106 3953 primun
1133 3848 1267 3928 tutius
1290 3843 1446 3929 medius

564 3969 570 3988 ¹·
1333 3978 1446 4044 voci·
