3510 4830
311 448 413 533 redte
451 445 589 558 pariam
639 471 868 558 peragentur
916 447 1195 553 secretiones,l'
1232 451 1331 532 nihil
1364 456 1430 551 eli,

312 566 419 666 quod
451 565 499 642 ad
548 563 821 645 sublevandam
861 581 1039 641 naturam
1080 557 1217 639 rediise
1260 588 1429 667 agamus,

312 701 432 776 quam
455 671 482 751 st
507 671 599 754 vafis
620 672 725 781 prius
754 668 1030 754 venaeseetione
1062 670 1237 775 depictis,
1259 670 1425 757 vestcan·

313 791 367 863 tia
394 791 474 864 cuti
501 785 803 889 apposuerimus.
859 789 989 892 Quare
1012 805 1256 884 nequaquam
1272 787 1427 868 audien·

313 899 355 974 di
379 897 478 988 sunt,
498 902 567 998 qui
591 898 690 977 illud
708 895 832 974 divini
845 895 948 971 senis
965 889 1159 973 calibem
1178 890 1296 976 cruda
1314 897 1428 980 medi·

314 1009 396 1086 carr'
415 1019 564 1112 oportet
587 1001 788 1111 perperim
806 1004 1081 1105 intelligentes,
1112 1009 1156 1082 in
1173 1007 1291 1086 initio
1309 1006 1429 1090 febris

313 1118 391 1195 hoc
411 1120 469 1193 uti
501 1119 650 1196 auxilio
676 1115 946 1206 reformidant,
980 1139 1073 1196 cunr
1101 1137 1223 1193 nemo
1252 1113 1346 1197 fers¹
1366 1116 1430 1218 stt,

318 1230 361 1305 in
381 1227 489 1328 ptari
509 1229 602 1305 licet
623 1227 873 1306 mediocriter
892 1225 1070 1316 versatus,
1087 1228 1156 1327 qui
1180 1226 1243 1304 vel
1264 1230 1430 1334 inprin.

315 1341 421 1440 cipio
444 1340 508 1415 vel
543 1361 626 1415 non
655 1334 826 1418 omnino
863 1355 1009 1442 aegroto
1038 1336 1346 1418 subveniendum
1357 1343 1431 1422 elle

314 1451 494 1550 ignotat3
521 1450 763 1553 quarundam
791 1450 898 1527 enim
933 1447 1105 1531 febrium
1135 1445 1290 1549 effeetus
1328 1448 1430 1531 adeo

315 1561 527 1664 praecipites
563 1561 666 1654 sunt,
704 1582 748 1641 ut
772 1582 979 1666 paucarum
1000 1559 1185 1638 horarum
1208 1564 1433 1644 interventu

314 1666 396 1747 fine
418 1669 477 1746 his
515 1671 764 1752 adminiculis
805 1695 901 1772 aegcr
935 1664 1131 1773 sepissime
1163 1672 1206 1746 in
1241 1674 1431 1755 ultimum

314 1782 402 1857 vitat
432 1778 640 1860 discrimen
673 1780 891 1861 adducatur.
952 1782 1120 1966 (ἲοτίεε
1142 1782 1261 1883 igitur
1283 1779 1433 1864 febrilis

314 1888 510 2003 sanguinis
529 1895 754 1971 commotio
771 1893 891 1969 nimis
910 1914 987 1970 exa
1016 1908 1094 1981 uat,
1116 1883 1267 1970 everris
1281 1891 1431 1996 sangui·

314 2025 369 2079 ne
387 2005 489 2105 prius
508 2009 638 2107 provi
659 2005 791 2083 morbi
816 2008 856 2078 dc
877 2008 965 2106 agri
989 2001 1135 2077 viribus
1159 2000 1345 2097 detersio,
1365 2002 1434 2083 abo.

314 2107 393 2188 lati
412 2117 525 2187 omni
551 2115 811 2200 enodatione,
840 2131 884 2185 ut
911 2106 1133 2186 velicatotia
1153 2111 1303 2189 Nuchae
1332 2118 1372 2194 dr
1388 2136 1433 2196 u·

316 2213 459 2320 trisque
477 2218 644 2297 brachiis
663 2214 880 2321 affigantur,
916 2221 959 2296 in
986 2214 1183 2294 mundatis
1204 2217 1272 2308 do,
1305 2215 1433 2322 primi

316 2332 409 2407 licet
428 2325 634 2427 decubltits
667 2325 713 2408 lit
732 2326 821 2415 die-3
850 2329 959 2427 quod
990 2334 1029 2406 dt
1053 2329 1167 2404 omni
1187 2326 1345 2408 medico
1373 2322 1434 2412 sa'·

317 2440 503 2519 ciendum
523 2438 588 2532 est,
630 2444 699 2541 qui
733 2442 795 2519 vel
822 2441 911 2540 aegri
938 2436 1204 2516 incolumitati
1226 2439 1290 2516 vel
1321 2438 1435 2521 fama

315 2552 388 2657 sue
409 2547 560 2655 optimi
578 2552 827 2652 consuluerit
890 2550 937 2626 In
958 2551 1075 2626 omni
1095 2551 1203 2637 euim
1234 2547 1343 2628 febre
1373 2553 1434 2632 in·

316 2663 533 2765 dicationes
568 2683 677 2753 verae,
710 2681 757 2738 ut
779 2654 932 2762 optime
971 2658 1135 2737 advenit
1173 2653 1435 2762 Sydenhamus

316 2782 344 2827 ⁰
371 2767 514 2875 noster,
532 2772 574 2845 in
605 2793 655 2845 eo
681 2769 891 2858 versantur,
916 2784 960 2843 ut
986 2765 1182 2867 sanguinis
1209 2776 1435 2854 commotio

318 2892 345 2933 “
372 2885 475 2957 intra
516 2876 681 2957 niodum
716 2895 859 2956 naturas
902 2873 1102 2977 proposito
1129 2899 1428 2977 congruentem,

314 2998 345 3044 Φ
386 2990 524 3078 ellatur,
551 3009 597 3064 ea
632 2983 829 3065 nimirtim'
864 2989 1031 3077 ratione,
1073 3003 1116 3064 ut
1146 3010 1197 3061 ne
1226 2986 1322 3066 hinc
1345 2995 1432 3094 plus

315 3112 342 3148 ‘⁸
370 3124 480 3206 aequo
501 3097 648 3201 gliscat,
669 3097 773 3175 unde
811 3096 1029 3201 periculosa·
1048 3095 1307 3199 symptomata
1332 3101 1431 3180 inse·

315 3220 346 3268 ²
368 3217 439 3313 'qui
459 3211 691 3312 solentine'e
711 3209 825 3287 illinc-
844 3211 1013 3288 trinium
1026 3225 1192 3310 torpeat,
1217 3232 1301 3309 quo
1317 3215 1429 3314 patio

316 3333 344 3370 “
371 3324 435 3400 vel
462 3325 631 3403 materis
650 3320 859 3400 morbificte
880 3315 1075 3424 protensio
1090 3320 1354 3424 impediretur.

370 3458 592 3581 Siquando
616 3459 732 3558 igitur
754 3459 796 3533 in
821 3457 937 3536 febris
968 3452 1163 3558 progressu
1204 3450 1304 3535 adeo
1322 3456 1428 3540 elan·

316 3569 498 3674 guescant
517 3567 681 3671 spirltus,
717 3567 893 3667 viresque
919 3564 1112 3656 deficiant,
1134 3584 1179 3643 ut
1209 3569 1430 3668 periculum

315 3679 371 3776 stt,
399 3707 450 3760 ne
477 3681 620 3776 morbo
653 3698 787 3770 natura
821 3677 1068 3767 succumbat,
1106 3676 1159 3782 ad
1190 3677 1256 3754 has
1296 3674 1430 3756 denuo

316 3794 517 3898 suppetias,
545 3812 731 3893 tanquam
757 3789 802 3869 ad
824 3789 964 3867 sacram
987 3787 1198 3866 anchoram
1217 3789 1430 3889 confugere

321 3908 517 3995 debemus,
542 3927 637 4006 quae,
666 3888 753 3983 stin
780 3904 923 3981 esteris
943 3894 1155 3980 commodi
1185 3902 1362 3979 tradatur
1382 3927 1429 3979 ae-

1284 4029 1430 4114 grotus,
