3510 4830
497 283 576 385 De
596 279 805 386 Partibus
830 285 1048 389 Hominis.
1267 327 1331 418 42

216 502 351 577 venas,
371 503 456 587 quae
470 509 538 590 per
553 506 729 591 tempora
746 491 787 568 in
802 507 914 592 caput
933 489 1155 580 ascendunt,
1188 490 1333 588 aquilas

215 615 360 676 vocat:
389 621 506 676 venas
543 593 564 677 a
590 601 707 679 corde
735 604 845 679 illico
870 603 1083 692 nascentes,
1104 600 1332 680 dracontida

210 707 467 810 Hippocrates
497 717 689 789 nominat.
745 713 979 813 Herophilus
997 734 1137 790 venam
1159 703 1328 788 crassrlli-

211 840 322 893 mam
348 813 715 921 grandiffimaimque
740 846 789 899 erc
818 822 934 899 corde
962 824 1170 923 pulmones
1195 841 1331 922 peten-

212 946 298 1004 tem
334 929 550 1007 arterialem
584 933 812 1035 appellavit:
849 933 891 1008 in
929 929 1182 1036 pulmonibus
1221 934 1328 1007 enim

213 1058 353 1116 contra
372 1055 487 1139 atque
515 1043 558 1118 in
582 1044 666 1119 aliis
684 1067 743 1121 res
774 1039 914 1121 habet:
944 1065 1036 1125 nam
1058 1064 1166 1119 vena
1200 1043 1243 1115 in
1271 1038 1329 1116 his

212 1151 345 1226 valida
383 1153 484 1243 lunt,
516 1149 770 1256 proximeque
805 1155 852 1230 ad
880 1158 1103 1244 arteriarum
1149 1170 1327 1229 naturam

209 1261 400 1340 accedunt
426 1290 435 1336 ε
461 1265 602 1343 arteria
630 1284 768 1343 contra
805 1265 1035 1355 imbecilla,
1063 1256 1329 1362 venarumque

207 1390 388 1452 naturam
408 1369 572 1474 sapiunt.
631 1376 827 1454 Omnium
865 1394 995 1454 autem
1013 1398 1111 1476 quos
1136 1375 1331 1462 noverim,

208 1485 357 1582 primus
375 1480 583 1580 Dionysius
599 1484 818 1581 Oxymachi
831 1479 1171 1571 efflorescentiam,
1194 1476 1328 1557 (ἔτιτὸ

210 1589 1327 1692 cpanthismonnomennovumadinvenit:aitqueEudc·

205 1722 295 1779 mus
317 1694 645 1782 efflorescentram
663 1726 800 1782 venam
815 1705 1009 1809 appellari.
1036 1703 1110 1780 Sed
1125 1700 1223 1778 mihi
1238 1703 1325 1802 qui·

206 1813 298 1890 dem
320 1811 528 1916 Dionyfius
556 1839 640 1892 rem
661 1838 767 1896 venor
790 1814 957 1894 stmilcm
983 1808 1324 1900 efflorescentiam

204 1947 332 2023 neque
352 1925 457 2003 idem
479 1949 620 2004 venam
635 1946 754 2026 atque
767 1921 1105 2007 efflorescentiam‚
1130 1920 1324 2024 sedquod·

206 2033 299 2108 'dam
315 2032 420 2108 aliud
444 2034 701 2111 adventitium
737 2034 929 2134 sanguinis
948 2034 1235 2134 receptaculum
1256 2053 1323 2107 vo-

205 2162 292 2219 care
320 2142 420 2220 visus
454 2143 528 2221 cst:
560 2144 675 2245 idque
709 2144 786 2246 ipse
823 2148 875 2221 ita
904 2141 976 2220 ell'c
994 2143 1146 2220 testatus
1165 2138 1228 2231 est,
1254 2163 1324 2217 eo·

204 2252 296 2330 dem
316 2254 409 2331 loco
429 2252 557 2358 sapius
586 2278 739 2349 venam,
767 2248 1106 2342 efflorescentiam,
1125 2244 1321 2328 arteriam·

201 2386 279 2466 que
312 2367 524 2458 inculcans,
565 2393 607 2446 ac
633 2388 810 2471 repetens
835 2396 843 2439 :
867 2390 995 2467 neque
1024 2367 1144 2456 enim,
1185 2357 1319 2438 srrem

201 2477 523 2552 eandemvenam
546 2472 948 2581 efflorescentiamque
972 2493 1137 2578 putaret,
1168 2475 1221 2550 ita
1245 2495 1316 2549 un·

201 2604 323 2681 quam
342 2582 497 2656 locutus
535 2580 659 2652 elles:
708 2605 800 2653 nam
823 2584 890 2651 etli
921 2587 1022 2652 nilril
1061 2582 1165 2652 aliud
1206 2575 1316 2656 efflo-

205 2693 415 2777 rescentia,
444 2683 563 2788 quim
595 2710 694 2764 vena
717 2686 781 2778 cll,
813 2684 1073 2764 nihilominus
1096 2683 1176 2787 ipsc
1207 2685 1317 2763 aliter

108 2848 113 2852 -
204 2796 331 2889 sensit,
368 2818 484 2899 atquc
517 2798 735 2901 appellavit.

256 2909 422 2987 Arteriis
438 2930 616 3013 praterea
634 2901 872 2989 vetustiss'rmi
898 2906 1026 2989 Graeci
1043 2932 1148 2988 vena
1165 2930 1315 2989 nomen

200 3021 493 3127 imposuerunt,
516 3015 685 3123 ct'rmquc
700 3045 816 3101 venas
837 3025 979 3099 micare
999 3022 1192 3111 dicebant,
1213 3039 1313 3099 arte·

201 3137 275 3210 rias
316 3132 609 3232 intelligebant:
643 3138 869 3210 arteriarum
910 3134 1017 3207 enim
1049 3134 1207 3217 micare,
1247 3127 1311 3207 seu
1430 3152 1433 3156 ·

205 3246 390 3345 palpitare
425 3266 566 3319 munus
593 3241 655 3318 cst.
714 3246 785 3318 Eas
818 3245 936 3316 etiam
963 3257 1100 3327 aortas‚
1133 3244 1171 3316 ὅ(
1194 3235 1308 3340 spira-

202 3357 294 3430 bilia
313 3354 410 3444 vasa,
429 3359 466 3433 δι
495 3375 686 3443 cavernas,
718 3356 757 3429 δε
789 3352 1050 3428 inanitates&
1076 3372 1215 3426 nervos
1242 3373 1310 3452 ap·

204 3467 406 3565 pellarunt.
465 3464 634 3542 Aortam
654 3460 747 3541 vero
772 3485 858 3538 eam
879 3454 1064 3565 precipue
1082 3458 1312 3537 Aristoteles

203 3598 348 3666 vocat,
375 3600 458 3675 quae
483 3601 550 3677 pcr
582 3577 739 3654 dorsum
762 3578 944 3652 omnium
968 3575 1133 3650 maxima
1162 3572 1309 3648 fertur:

202 3688 304 3764 hanc
317 3687 468 3764 crallam
490 3689 715 3789 Praxagoras
736 3687 926 3788 appellare
943 3683 1157 3762 consucvit.
1185 3683 1309 3757 Cavas

203 3818 333 3877 autem
356 3820 424 3900 per
449 3798 597 3873 collum
616 3801 820 3879 subeuntes
837 3795 1036 3880 carotidas,
1068 3790 1108 3866 id
1136 3786 1187 3865 est
1206 3791 1308 3865 som·

207 3911 343 3991 niferas
375 3910 523 4009 antiqui
562 3914 842 3990 nominarunt:
871 3904 1061 4005 quoniam
1093 3891 1310 3994 comprellae

755 4017 799 4091 M
834 4039 853 4088 2
1111 4007 1317 4084 hominem
