3510 4830
433 245 496 334 xii
608 265 677 330 nu
707 237 852 328 Rufo
875 259 935 325 ar
966 233 1093 326 Ruit
1117 253 1355 324 seinans

438 412 556 514 haud
591 404 790 509 levilsrmi
815 409 873 506 est
901 415 1136 518 momenti,
1181 402 1256 521 nd,
1282 402 1361 505 nist
1391 403 1541 507 dolore

438 548 561 687 ,priris
582 546 762 662 sublato,
790 550 1012 645 eliciantur
1037 552 1186 646 urinae.
1257 549 1273 599 ¹¹
1301 547 1542 675 Clysterem

444 726 496 785 ex
517 686 628 786 loliis
646 689 803 787 malvae
822 701 876 782 ⁴&
896 680 1056 782 semine
1074 686 1154 780 lini
1178 690 1248 779 cui
1274 719 1430 819 patum
1457 689 1542 781 olei

443 821 692 926 admixtum
726 819 793 935 sit,
819 830 1031 958 praecipit,
1065 815 1185 915 hunc
1216 855 1323 916 vero
1344 855 1439 916 non
1462 816 1544 917 nist

445 959 600 1102 exigui
621 956 866 1059 admodum
910 965 1151 1093 quantitate
1182 963 1305 1080 injici
1339 959 1451 1071 vult,
1495 954 1545 1054 ed

442 1097 598 1199 scilicet
632 1105 797 1195 ratione
847 1131 903 1191 ne
937 1092 1138 1192 intestina
1177 1125 1372 1190 enemate
1412 1104 1548 1191 nimis

442 1233 624 1336 distenta
656 1270 774 1334 renes
809 1240 1130 1369 comprimant,
1164 1224 1375 1328 subdustd
1397 1264 1547 1328 autem

445 1378 561 1488 alv0,
599 1368 846 1469 sinecdum
881 1364 1090 1468 concedat
1126 1363 1268 1483 dolor,
1312 1373 1459 1469 lanam
1496 1408 1547 1466 o-

445 1518 513 1611 leo
535 1513 675 1612 calido
700 1506 935 1608 delibutam
963 1501 1154 1605 adhiberi
1174 1505 1311 1638 jubet.

518 1659 572 1747 In
598 1645 788 1787 sequenti
829 1645 1011 1787 quidem
1035 1654 1173 1780 capite
1196 1641 1546 1785 praescriptorum

449 1783 595 1903 scriem
635 1792 871 1924 uuicuique
905 1781 1035 1910 hujus
1071 1782 1218 1879 morbi
1264 1778 1550 1924 symptomati

449 1919 829 2028 accommodatam
847 1918 1057 2023 exhibuit.
1076 1927 1125 2020 In
1144 1928 1274 2020 initio
1291 1934 1302 1984 ἰ
1320 1959 1478 2022 venam
1500 1931 1548 2020 in

449 2064 601 2160 cubito
624 2060 747 2185 jubet
770 2058 971 2170 incidere,
998 2055 1136 2192 quod,
1162 2056 1360 2156 fiminus
1377 2057 1552 2155 inflatu

451 2208 694 2297 mationem
733 2190 988 2332 represserit,
1048 2192 1273 2327 emplastra
1317 2233 1368 2289 ex
1412 2192 1551 2292 farind

452 2329 594 2434 mulso
620 2338 794 2431 incodta
818 2326 1009 2445 adhibet,
1046 2325 1110 2424 his
1136 2324 1240 2425 verb
1271 2323 1302 2426 st
1341 2327 1457 2430 haud
1491 2335 1550 2429 le-

452 2482 570 2570 nitus
594 2467 646 2569 sit
677 2469 817 2584 dolor,
854 2464 1016 2564 iteritm
1043 2461 1312 2602 sanguinem,
1349 2469 1551 2569 cucurbi-

453 2613 553 2709 tulis
596 2609 758 2708 lumbis
797 2601 1076 2743 partibusque
1106 2601 1221 2700 infra
1241 2608 1314 2700 ilia
1347 2604 1550 2727 admotis,

453 2742 639 2845 detrahit
647 2782 664 2857 5
688 2740 837 2877 posted
854 2737 1060 2833 fomentis
1090 2747 1241 2850 utitur,
1279 2737 1469 2880 facitque
1489 2760 1553 2849 uti

456 2917 581 3019 aeger,
618 2875 742 3014 supra
765 2909 927 3011 aquam
957 2868 1138 2970 calidam
1164 2881 1211 2967 in
1240 2873 1330 3012 qud
1348 2915 1552 3015 papaver,

454 3014 687 3130 anthemis,
712 3007 898 3125 arund0,
923 3004 1165 3148 juncusque
1182 3046 1452 3150 coquuntur,
1480 3023 1554 3120 de⁴

453 3149 597 3254 lideat.
671 3155 849 3253 Ultimo
874 3180 1020 3249 autem
1044 3186 1097 3246 ex
1115 3149 1213 3246 oleo
1240 3162 1457 3289 Cyprino,
1484 3197 1557 3257 ro.

454 3289 587 3406 saecu,
627 3308 673 3389 &
702 3297 824 3389 Itino
847 3321 1077 3429 unguento
1101 3319 1236 3388 cerata
1263 3292 1456 3428 partibus
1490 3293 1557 3396 af:-

457 3423 579 3529 fectis
595 3424 926 3568 superimponit.

509 3800 522 3813 ἢ
623 3703 870 3787 'Caua-rae
1139 3703 1241 3788 ‘Cau
1260 3707 1390 3793 nain

1401 3876 1561 3994 Quam
