3510 4830
319 279 388 410 33²2
628 274 821 377 Rurrr
852 276 1125 377 urrisu·

365 462 529 575 Inguina
556 456 770 548 foemo'rum
790 469 933 571 ptiote's
956 483 1081 569 partes
1103 460 1189 542 sunt
1204 474 1327 568 prope
1352 458 1421 569 pul

315 584 406 660 bem
429 575 569 683 pofita:
613 602 754 676 nervus
783 597 913 657 autem
943 576 991 653 ad
1023 572 1266 654 acetabulum
1303 574 1438 676 perti-¹

314 715 427 788 nens,
450 713 494 769 ac
516 707 622 779 totus
649 691 842 768 articulus
856 687 1044 767 coxendix
1070 685 1221 765 dicitur.
1268 684 1422 764 Foemo

315 825 405 880 rum
429 803 588 878 internae
611 819 736 902 partes
765 799 975 901 parameria
999 790 1328 902 Graecis,foemina
1339 791 1423 872 La·

317 909 416 991 tinis
424 908 537 1019 stent.
590 909 696 985 Inter
722 906 889 989 foemina
915 925 1046 985 autem
1066 907 1167 998 loca,
1196 902 1426 996 mesomcria

310 1042 448 1129 grace,
477 1010 752 1125 interfaeminia
772 1011 895 1098 latine
939 1015 1072 1093 dicito.
1129 1014 1302 1092 Musculi
1320 1019 1427 1116 geni·

322 1135 392 1207 bus
416 1127 645 1208 inhaerentes
673 1129 912 1230 epigunides,
937 1121 1046 1234 quast
1058 1118 1301 1233 geniculares
1320 1119 1429 1204 dixe-

318 1237 390 1331 ris,
409 1257 620 1318 vocantur:
648 1230 720 1316 offi
744 1257 874 1316 autem
896 1234 1005 1342 super
1026 1258 1131 1336 genu
1152 1229 1279 1339 polito
1298 1237 1432 1337 epigo-

320 1351 421 1427 natis
438 1371 568 1459 graeca
597 1346 819 1451 appellatio,
851 1342 992 1440 latina,
1004 1339 1158 1452 patella
1178 1341 1256 1456 est:
1282 1344 1432 1450 Hippo·

322 1476 443 1537 crates
467 1451 564 1537 vero
590 1456 801 1560 epimylida
820 1460 985 1538 vocavit.
1045 1456 1160 1532 Genu
1181 1452 1433 1543 articuluscst

321 1566 471 1646 foemur
495 1568 596 1644 cruri
617 1566 882 1646 committens.
910 1562 1050 1670 Poplcs
1061 1564 1247 1669 posterior
1267 1567 1353 1671 pars
1369 1560 1435 1660 est,

321 1680 367 1754 in
381 1698 499 1777 quam
518 1698 623 1776 genu
645 1675 886 1755 infledlimus.
916 1670 1202 1755 Gastrocnemia
1217 1696 1345 1782 graeco
1369 1676 1437 1757 no·¹

322 1783 425 1866 mine
449 1806 613 1885 magnus
645 1784 841 1864 musculus
865 1783 926 1876 est,
963 1782 1083 1865 latine
1096 1776 1218 1892 sura,
1247 1782 1351 1861 unde
1380 1785 1437 1864 la·

323 1912 388 1974 tus
412 1916 552 1974 nervus
573 1895 701 1973 oriens
724 1895 772 1973 ad
791 1894 938 1975 calcem
968 1895 1092 1975 tendo
1121 1894 1240 1974 fartus
1258 1889 1437 1973 adhaeres·

324 2007 393 2086 cit.
424 1996 581 2084 offium
612 1999 709 2085 vero
741 2007 860 2087 cruris
884 2003 994 2107 quod
1024 2003 1209 2109 posterius
1245 2002 1310 2096 est,
1353 2003 1440 2084 sura

327 2139 489 2215 quoquc
512 2112 590 2191 dici
616 2112 768 2217 potest,
795 2115 898 2214 prius
923 2134 1067 2206 autem,
1085 2110 1194 2192 tibia.
1224 2112 1301 2190 Sed
1313 2108 1440 2196 Hero·

326 2223 457 2327 philus
488 2220 627 2301 suram.
649 2223 800 2300 radium
830 2223 949 2299 etiam
984 2223 1216 2326 appellavit:
1245 2223 1443 2325 utriusque

325 2323 419 2409 ossis
439 2349 614 2408 extrema
640 2330 730 2433 pedi
752 2328 893 2408 inserta
920 2334 1097 2410 malleoli
1123 2334 1224 2410 sunt.
1267 2334 1359 2413 Tali
1377 2356 1440 2413 ve·
1490 2393 1510 2411 ..

327 2434 378 2520 τό
412 2463 495 2517 non
522 2440 621 2517 teile
648 2455 861 2527 vocantur3
888 2436 1076 2541 liquidem
1099 2443 1139 2519 δι
1162 2442 1354 2520 humanus
1374 2467 1443 2639 pes
1481 2436 1490 2449 ⁴

328 2549 455 2631 talum
478 2545 549 2627 sub
565 2548 755 2627 malleolo
780 2549 970 2634 abditum,
998 2572 1086 2653 mm¹
1108 2546 1364 2653 conspicuum
1407 2575 1443 2633 a·

330 2648 414 2739 bet.
472 2656 576 2736 Calx
598 2652 838 2758 postremum
860 2652 967 2755 pedis
986 2651 1204 2740 rotundum
1227 2659 1290 2740 est.
1331 2660 1445 2745 Plau·

332 2774 440 2848 ta&
464 2762 583 2842 tarsus
605 2787 690 2865 pars
715 2766 883 2865 prior&
907 2764 1035 2867 ampla
1060 2764 1124 2845 cll.
1176 2764 1335 2850 Stethos
1351 2764 1446 2852 verti

335 2868 386 2954 id
407 2866 458 2978 est
479 2866 602 2952 latine
619 2865 765 2979 pedites,
794 2891 877 2971 pars
896 2870 1058 2950 inferior
1080 2870 1163 2975 post
1188 2900 1340 2969 cavum,
1374 2905 1448 2961 un.

336 2984 389 3061 de
418 2980 626 3062 nascuntur
648 2979 774 3082 digiti,
796 2996 979 3061 vocatur:
1006 2981 1095 3059 istos
1117 3002 1249 3064 autem
1273 2992 1448 3091 perinde,

340 3110 387 3171 ut
418 3114 555 3170 manus
572 3087 727 3189 digitos,
760 3089 961 3193 appellare,
988 3084 1141 3192 aliique
1171 3092 1361 3176 manuum
1389 3102 1449 3179 di·
1493 3187 1496 3192 ,

341 3203 435 3307 gitis
455 3201 681 3283 communia
702 3200 913 3293 recensete,
932 3198 1033 3285 nihil
1055 3198 1108 3280 cst
1126 3204 1235 3305 quod
1252 3206 1452 3310 impediat.

402 3306 523 3412 Igitur
543 3333 629 3415 quas
653 3309 780 3390 oculis
803 3326 931 3418 aperta
947 3307 1093 3407 sunno
1117 3308 1190 3410 fili,
1212 3312 1455 3423 subjectaque

347 3418 410 3500 iris
451 3421 530 3502 olla
561 3423 606 3497 in
640 3420 747 3499 hune
776 3421 944 3504 modum
973 3428 1179 3504 nominare
1216 3426 1357 3508 decens
1388 3428 1451 3511 en.

347 3525 480 3610 Modo
504 3529 695 3608 interiora
715 3532 888 3632 corporis
903 3535 1077 3637 membra
1101 3529 1251 3617 limiam
1274 3534 1453 3621 dissecan-

349 3658 409 3718 tes
428 3640 589 3744 propriis
615 3640 844 3718 nominibus
859 3640 1041 3724 illustrare
1060 3649 1317 3734 tentabimus:
1333 3677 1452 3756 qrran·

351 3750 569 3852 doquidem
590 3747 671 3852 ipsa
691 3742 848 3843 ollibus,
875 3752 1070 3848 musculis,
1091 3762 1199 3853 extis,
1219 3766 1373 3852 arteriis,
1386 3783 1453 3840 ve·

354 3863 433 3958 nis,
453 3863 579 3944 nervis
597 3862 645 3941 ad
667 3878 843 3945 naturam
872 3861 1045 3972 lrominis
1068 3868 1247 3971 proxime
1280 3871 1452 3950 accedit:

609 3997 626 4062 3
1286 3980 1455 4067 secrmdo
