3510 4830
308 302 376 432 '35
616 301 802 391 Ruvsr
844 292 1132 386 Ernesti

311 499 361 554 na
383 468 588 561 ithmoide,
600 462 1027 572 horesteribrispeeiem
1045 459 1263 571 referentia,
1280 471 1423 553 vocate?

311 606 393 664 tur:
408 607 475 687 per
495 604 540 659 ea
552 573 711 656 indubie
722 577 1080 665 sternutamentum,
1101 570 1311 680 mucusque
1331 604 1420 682 pro·

309 695 478 800 pellitur.
536 689 736 768 Nonnulli
767 692 806 765 dc
832 681 903 764 hle
932 704 1038 788 parte
1056 708 1129 762 uos
1147 688 1189 763 in
1218 689 1418 772 cerebrum

312 804 492 905 spiritum
514 799 702 878 attrahere
715 794 960 874 confirmant.
991 794 1172 872 Proxima
1184 798 1421 895 auribusjoffa

312 915 369 993 ob
388 910 668 992 firmitudinem
700 906 849 1009 lapidea
876 928 1025 983 nomen
1056 904 1221 983 habent:
1248 906 1296 984 ab
1315 927 1422 988 utto·

314 1047 391 1124 que
428 1022 535 1097 enim
573 1022 692 1096 latere
716 1013 863 1116 singula
894 1012 971 1090 oss'a
1005 1012 1109 1104 dura,
1150 1011 1423 1120 subalbidique

314 1135 416 1220 sunt,
459 1125 728 1230 magnitudine
755 1143 869 1226 eaput
898 1123 1062 1199 maximi
1088 1144 1225 1199 manus
1245 1125 1356 1225 digiti
1375 1155 1423 1208 ae·

313 1241 486 1345 quantia,
513 1259 687 1341 perquer
714 1234 902 1312 auditoria
921 1235 1060 1309 itinera
1075 1230 1279 1310 servantur.
1336 1233 1422 1315 Alii

314 1352 505 1455 proclives
544 1348 718 1476 occipitii
761 1340 950 1445 processus
990 1339 1163 1441 lapideos
1187 1343 1423 1445 appellant,

315 1461 434 1559 idque
456 1481 540 1533 non
557 1459 678 1534 teile:
709 1455 844 1530 inanes
863 1453 983 1541 enim,
1013 1454 1052 1526 &
1072 1448 1279 1542 cavernosi,
1295 1455 1331 1530 &
1345 1458 1422 1532 mu

315 1562 427 1648 nimi
449 1565 564 1645 solidi
589 1563 746 1641 nomini
765 1585 848 1639 non
877 1558 1125 1662 respondent.
1181 1558 1248 1636 Ab
1275 1564 1424 1643 audito

315 1682 382 1757 riis
405 1694 535 1752 autem
558 1673 747 1749 meatibus
774 1671 823 1746 ad
842 1670 960 1747 malas
979 1670 1217 1772 pertinentes
1235 1673 1425 1772 processus

315 1787 457 1887 iugalia
489 1779 566 1860 olla
587 1805 669 1859 nun
721 1797 871 1882 pantur.

371 1891 574 1973 Musculos
592 1909 714 1968 cavat
740 1910 924 1990 mporum
951 1887 1157 1989 replentes,
1192 1895 1427 1994 temporale·

202 2001 248 2041 '⁰
313 2005 383 2086 'ost
410 2005 479 2105 qui
497 1999 724 2080 inferiorem
734 1997 934 2076 maxillam
955 2000 1247 2097 ampleiluntur,
1272 2000 1427 2079 manso·

317 2141 378 2196 res
393 2132 548 2191 vocant.
581 2114 738 2188 Tenues
749 2103 1287 2208 illi&oblongi,dotsquue
1300 2112 1428 2192 versus

318 2226 447 2308 fauces
467 2237 668 2320 vergentes
685 2214 892 2319 procellos,
905 2209 1111 2299 lliloidesei
1128 2210 1305 2295 columne
1315 2216 1428 2322 fimi·

319 2324 481 2413 litude'ne
501 2327 592 2402 dieti
607 2326 705 2400 sunt.
762 2321 956 2399 Eudemus
971 2342 1101 2399 autern
1120 2324 1220 2423 ipsos
1231 2327 1426 2424 gallorum

318 2437 528 2519 calcaribus
543 2427 749 2524 affimulat,
776 2454 820 2509 ac
829 2425 908 2507 fine
929 2431 1185 2535 appellatione
1198 2433 1403 2535 relinquit.

372 2652 582 2736 foramina
598 2648 789 2751 permulta
799 2645 1000 2725 calcariam
1011 2668 1196 2727 excavant
1212 2678 1221 2725 :
1249 2675 1333 2751 opiae
1344 2677 1428 2732 om.-

321 2768 549 2848 niaduobus
563 2761 741 2858 exceptis,
761 2782 844 2854 qure
865 2780 972 2831 coeca
986 2759 1236 2857 appellantur,
1265 2767 1430 2842 nomin„

321 2892 458 2953 vacant
474 2899 482 2944 :
519 2872 620 2942 inter
636 2865 672 2940 se
684 2883 813 2941 autem
829 2864 969 2938 medici
984 2868 1226 2956 altercantur,
1252 2887 1430 2952 utranam

319 2987 399 3060 hoc
422 2980 586 3054 nomine
612 2970 839 3072 appellanda
868 2966 963 3046 lint:
1008 2995 1105 3046 num
1124 2973 1191 3049 illa
1214 2979 1430 3082 quaepropk

321 3083 722 3170 maximumcalvariae
742 3078 919 3156 foramen
941 3079 1129 3175 adjacent,
1152 3104 1219 3183 per
1237 3087 1343 3184 quod
1357 3089 1427 3190 spi

322 3227 379 3280 ua
397 3196 570 3275 medulla
580 3195 621 3267 in
632 3192 822 3270 vertebras
835 3189 1021 3268 delabitur
1039 3217 1048 3267 :
1068 3213 1116 3268 an
1131 3192 1197 3268 illa
1207 3217 1289 3293 quae
1308 3197 1431 3302 propi

321 3306 530 3386 auditorias
542 3325 734 3392 cavernas,
759 3304 798 3377 de
810 3292 929 3402 paulo
942 3302 1045 3402 ptius
1058 3305 1164 3398 juxta
1184 3307 1347 3384 maxillae
1370 3332 1429 3387 ar·

248 3423 249 3426 ‘
322 3418 464 3495 titulos
484 3413 583 3489 sunt.
642 3411 715 3485 Sed
729 3431 854 3507 neque
868 3408 953 3496 illa,
984 3431 1111 3508 neque
1122 3407 1201 3489 haec
1229 3410 1328 3493 adeo
1350 3442 1430 3496 coe·

322 3547 367 3603 ea
393 3521 495 3610 sunt,
522 3521 619 3618 quio
636 3541 679 3594 ea
712 3518 755 3591 in
776 3536 964 3616 magnum
993 3516 1148 3617 spinalis
1173 3524 1353 3606 medulla
1373 3554 1432 3612 ca.

322 3657 417 3713 vum
427 3628 657 3734 pervadant,
672 3625 751 3703 haee
762 3621 831 3700 sub
845 3623 1036 3701 foramina
1049 3630 1218 3707 cribrum
1232 3636 1429 3739 represen-

324 3746 446 3838 mntia
472 3740 663 3825 iubeant:
704 3757 748 3811 ae
782 3756 850 3835 per
879 3732 958 3837 ipsa
978 3740 1113 3819 omnia
1139 3744 1246 3817 nervi
1276 3743 1428 3824 tranire

321 3850 629 3962 conspiciuntur,
672 3845 721 3927 de
758 3843 897 3951 quibus
934 3846 977 3957 ill
1017 3841 1263 3959 divisionibus
1300 3849 1430 3939 sermo

1313 3961 1437 4044 habe.
