3510 4830
421 261 1082 367 ·DrssERTAT10.
1256 275 1333 366 xiii

297 482 450 600 Qam
475 480 659 607 impares
689 476 735 572 in
764 503 851 570 arte
877 467 1077 572 medendi
1093 471 1333 610 progressus

228 621 481 712 recentiores
518 605 760 725 habuerint,
804 647 903 751 quae
938 621 985 710 in
1022 607 1107 709 hoc
1140 615 1335 747 capitulo

228 744 576 889 praescribuntur,
609 750 784 844 cuilibet
811 746 977 846 indicio
1007 743 1105 875 sin-t,
1150 744 1254 847 cum
1283 767 1331 850 &

229 881 410 985 curandi
439 878 672 978 methodus
704 883 1064 981 &remediorum
1088 883 1211 1010 ordo,
1230 895 1334 1023 qui·

230 1026 311 1122 bus
330 1015 678 1157 experientishmi
706 1029 752 1118 in
776 1017 841 1119 his
869 1016 1030 1119 cahbus
1047 1017 1180 1119 hodie
1201 1055 1333 1122 utun-

228 1195 301 1259 tur
325 1156 500 1270 medici,
538 1192 560 1252 a
587 1155 807 1295 praedictis·
835 1155 993 1297 parum
1020 1163 1086 1257 vei
1113 1196 1206 1258 non
1233 1199 1333 1259 om-

228 1295 338 1396 ninb
359 1291 608 1434 discrepent.
669 1302 751 1396 Uti
779 1293 882 1396 verb
902 1335 996 1437 quo
1020 1294 1203 1398 demhm
1223 1332 1334 1397 tem-

226 1475 333 1575 pore
361 1440 532 1533 urinam
549 1447 774 1535 moventia
795 1474 900 1535 cum
928 1448 1126 1534 maximo
1152 1436 1333 1535 decum-

227 1577 430 1672 bentium
454 1567 601 1669 fretun
618 1570 902 1674 adhibeantur
920 1572 1037 1714 prius
1054 1571 1331 1693 indica-vetat,

226 1709 282 1811 ne
316 1708 377 1809 itd
405 1712 668 1810 instmdtum
699 1710 924 1832 medicum
963 1720 1091 1811 armis
1125 1709 1180 1810 ad
1212 1751 1334 1813 mor-

227 1852 336 1950 bum
363 1846 669 1987 depellendum
694 1862 803 1990 aptis
838 1850 1093 1952 destitutum
1112 1853 1334 1992 relinque·

226 2021 320 2102 ret,
370 1986 627 2085 seecundum
674 1986 928 2111 hujusmodi
988 1989 1331 2087 medicamento-

224 2159 327 2221 rum
345 2122 364 2173 ¹‘
379 2118 556 2218 messem
591 2117 800 2217 exhibuit.
873 2132 1062 2249 Qroties
1088 2119 1193 2220 verb
1217 2135 1332 2224 reni-

227 2261 307 2359 bus
349 2289 425 2355 aut
468 2252 616 2357 veficae
655 2290 802 2356 exorta
846 2261 906 2357 est
933 2262 942 2310 ¹
967 2256 1237 2399 supputatio,
1282 2295 1333 2361 ut

224 2435 361 2636 jum
379 2392 596 2494 celerrime
625 2429 880 2513 maturetur,
913 2408 1115 2633 imfperat,
1138 2415 1182 2496 &
1210 2395 1333 2499 dein·-

253 2577 278 2634 e
321 2571 384 2647 ea,
420 2572 520 2670 que
560 2553 605 2630 δε
640 2554 666 2588 m
693 2532 923 2634 abscessum
976 2568 1167 2672 tangunt
1194 2534 1333 2636 uicus-

225 2715 313 2813 que
340 2710 358 2743 ¹¹
399 2678 543 2765 urinas
570 2669 859 2804 provocando
888 2669 1043 2762 leniter
1066 2674 1330 2902 absterfunt,

226 2809 457 2950 pharmaca
491 2800 734 2941 prescribit.
807 2798 881 2900 Ad
910 2805 1030 2899 ulcus
1062 2798 1166 2899 verb
1222 2836 1332 2906 eter-

224 2945 422 3087 gendum
443 2947 563 3040 latiis
581 2980 597 3015 0
618 2938 772 3039 ahnini
804 2950 1022 3081 &equini
1043 2935 1167 3038 usum
1175 2953 1331 3080 praci-

224 3084 312 3224 pud
343 3079 638 3183 commendat.
712 3087 804 3177 His
825 3080 1002 3180 tandem
1035 3075 1330 3186 medicamen·

226 3235 279 3321 tis
318 3259 423 3321 eum
460 3218 606 3317 morbi
650 3229 715 3316 vis
757 3214 1024 3332 devincatur,
1077 3222 1200 3317 vitiu
1233 3218 1330 3320 ido·

226 3397 310 3461 neo
327 3368 479 3499 aegroti
503 3355 667 3459 viribus
699 3352 987 3458 instaurandis
1008 3356 1183 3456 ulteririr
1206 3355 1329 3496 pros

229 3586 233 3597 ’
267 3632 280 3667 ¹
301 3632 379 3714 cap.
394 3649 422 3714 7.
440 3653 467 3713 ρ.
481 3634 510 3697 6.
663 3633 670 3669 ¹
691 3630 807 3714 capa.
827 3654 855 3717 p.
875 3652 902 3718 7.
1056 3628 1287 3716 meinana.

268 3715 373 3802 *Can
394 3734 527 3799 10.p.9.
661 3723 674 3753 ⁰
695 3715 771 3799 Cap.
792 3737 838 3782 η.
861 3735 1020 3802 ρ.ιο’,ιι-..

1206 3887 1333 4027 picit.
