3510 4830
454 218 1154 362 orssnurATro?
1261 196 1339 365 ‘n

233 468 329 538 non
366 429 507 534 modi>
543 429 832 537 minutiffima
898 466 1053 580 uaeque
1082 434 1229 538 morbi
1257 434 1341 537 dis-

231 582 420 674 crimina
446 568 633 673 brevitdr
662 588 711 673 &
739 472 927 676 dilucsdd
952 586 1140 693 notavit,
1175 572 1241 677 sed
1262 586 1340 677 eti-
1401 594 1423 611 ·’

230 750 307 814 am
335 706 514 812 curandi
530 719 651 810 viam
675 707 898 831 indicavit,
935 731 983 815 de
1008 713 1253 816 uberiorem
1274 752 1340 815 re·

229 848 482 949 mediorum
527 857 705 983 copiam
754 845 970 987 suggessrt.
1041 862 1153 951 Haec
1190 884 1337 952 autem
1488 888 1494 901 ’

228 997 385 1087 omnia
415 1026 467 1086 ex
492 979 687 1126 sequenti
720 995 969 1088 narratione
996 987 1153 1090 melida
1176 994 1338 1089 intelli·

260 1158 403 1242 entur,
454 1135 504 1224 in
535 1120 627 1265 qui
661 1116 944 1244 methodum,
987 1163 1126 1269 quam
1158 1136 1207 1228 in
1243 1162 1340 1226 me·

129 1286 134 1293 '
227 1163 376 1364 dendo
409 1270 553 1362 tenuit
586 1262 734 1400 Rufus,
774 1265 928 1364 ledlori
971 1264 1210 1406 explicabo.
1282 1274 1338 1367 In

229 1414 381 1544 primo
408 1400 540 1533 hujus
564 1396 763 1541 opusculi
796 1404 952 1503 limine
974 1441 1114 1544 quam
1138 1401 1249 1543 aegrd
1273 1442 1338 1504 re·

231 1577 349 1641 num
384 1559 431 1642 &
472 1532 619 1639 vesrcae
660 1543 842 1640 ‘ulcera
876 1537 1094 1661 sanantur,
1136 1553 1337 1682 exponit,

230 1689 401 1819 quippe
418 1713 520 1822 quae
541 1678 602 1777 ob
619 1688 927 1780 continentem
942 1690 1078 1781 urinae
1094 1677 1335 1795 inlluxum,

225 1829 421 1919 cicatrice
446 1814 609 1917 obduci
643 1813 761 1917 baud
785 1815 966 1956 possint.
1037 1825 1182 1920 Notas
1200 1816 1335 1918 etiam

226 1957 392 2093 quibus
425 1992 585 2056 renum
619 1953 989 2057 inflammationes
1020 1951 1336 2095 dignoscuntur

227 2093 469 2189 luculenter
487 2085 597 2185 adeb
618 2084 847 2224 descripsrt,
874 2102 988 2187 utin
1013 2086 1231 2189 medendo
1252 2125 1335 2229 pa·

228 2263 331 2327 rum
350 2221 536 2324 versetur
556 2260 587 2320 o
651 2254 748 2340 rtet,
760 2235 840 2364 qui
857 2223 1013 2326 exinde
1036 2233 1180 2367 prima
1188 2227 1334 2326 fronte

226 2362 440 2464 morbum
475 2258 883 2503 haudpllerspexerit
913 2365 937 2462 f.
987 2372 1044 2465 AE
1076 2364 1335 2482 rotantibus,

227 2513 392 2641 inquit,
419 2499 545 2600 dolor
579 2496 692 2599 infra
711 2503 905 2620 lumbos,
924 2404 1152 2603 incensndr·
1185 2535 1260 2603 aut
1277 2498 1336 2601 se-

225 2643 340 2778 ipsos
380 2633 572 2772 erigendi
614 2645 893 2769 impotentia,
936 2670 1128 2732 extrema
1157 2638 1334 2771 frigent,

230 2787 403 2875 meiunt
427 2768 586 2871 alsrdud
614 2787 660 2869 &
680 2765 924 2886 difficulter,
959 2778 1009 2868 in
1033 2776 1165 2870 initio
1183 2782 1333 2872 tenuia

229 2934 275 3016 δε
302 2910 474 3054 aquosa,
512 2906 791 3010 invalescente
829 2904 933 3009 verb
998 2905 1235 3050 hlegmone
1261 2946 1335 3009 ru·

229 3049 484 3154 bicundiora
508 3071 539 3151 ⁸.
611 3057 666 3148 In
691 3045 758 3147 his
785 3085 890 3147 vero
912 2944 1335 3149 indammationibus

228 3188 428 3291 curandis
478 3225 645 3328 aegrum
678 3195 727 3286 in
753 3190 869 3285 letto
902 3181 1085 3326 seipsum
1112 3195 1336 3286 continere

233 3349 279 3430 dt
313 3328 619 3428 sorbitionibus
645 3329 701 3425 ali
738 3334 940 3464 imperat,
971 3341 1018 3424 δε
1044 3321 1156 3424 hanc
1182 3333 1334 3463 praeci·

229 3463 317 3608 pud
354 3478 605 3569 cautionem
637 3461 829 3582 adhibet,
874 3500 975 3606 quac
997 3459 1111 3565 certe
1143 3473 1191 3563 in
1209 3470 1333 3603 praxi

271 3752 282 3779 ²
299 3740 375 3826 Cap.
396 3762 463 3828 up.
482 3764 511 3809 2.
652 3742 665 3780 ¹
683 3741 760 3826 Cap.
780 3760 809 3807 a.
823 3757 858 3828 p.
877 3761 904 3806 2.
1049 3745 1064 3785 ¹
1085 3737 1152 3818 Cap
1178 3754 1204 3822 3.
1222 3757 1250 3819 p.
1264 3753 1292 3820 3.

806 3958 832 4022 a
860 3961 887 4023 ι
1218 3908 1337 4010 haud
