3510 4830
586 275 677 378 'De
696 251 908 380 Partibus
933 273 1155 380 Hominis.
1375 278 1440 380 26
1529 421 1533 429 Ι

328 473 653 578 ωυε,αςὶταιιωτι
702 501 887 557 carneum
918 495 1047 558 autem
1095 472 1193 557 illud
1226 492 1315 554 ante
1354 475 1434 557 nali

322 586 473 689 septum
494 590 536 663 in
550 586 650 664 labia
676 587 911 668 descendens
944 592 1129 672 columna
1143 622 1157 677 3
1201 584 1277 665 nasi
1307 605 1429 666 extre·

320 701 446 788 miras,
485 690 669 797 globulis
696 701 908 800 appellatur
943 730 951 778 :
999 719 1037 779 at
1071 699 1139 777 sub
1175 701 1364 777 columna
1391 702 1432 778 in

318 805 509 907 superiori
536 807 646 881 labro
678 809 820 883 cavitas
844 807 1033 908 philtrum
1054 801 1173 906 grace
1200 830 1339 886 vocata
1366 809 1429 901 est,

317 910 427 1039 quast
441 911 680 1005 amatorium,
712 906 796 1009 'stne
820 909 980 997 amabile
1006 910 1177 995 dixeris:
1213 910 1278 991 led
1302 936 1434 996 totum

317 1025 391 1101 sub
410 1023 504 1102 naso
528 1020 730 1126 superioris
755 1025 847 1102 labii
871 1024 1158 1130 hyporrhinion
1181 1023 1331 1106 Grecis
1359 1026 1432 1104 cst:

320 1129 471 1214 Latino
494 1127 676 1215 vocabalo
695 1149 825 1215 caret:
856 1137 997 1214 deinde
1019 1136 1120 1215 labia
1144 1137 1237 1226 duo,
1264 1160 1433 1238 quotum
1497 1208 1501 1217 .

319 1264 488 1324 extrema
503 1239 632 1355 graecl
650 1245 838 1350 prochila,
856 1241 978 1327 latine'
987 1246 1162 1352 prolabia
1173 1245 1250 1323 dici
1263 1245 1436 1349 possunt:

317 1351 396 1458 qui
420 1375 529 1460 parte
564 1373 695 1435 autem
731 1357 1047 1451 committuntur,
1086 1356 1330 1461 prostomion
1366 1380 1433 1436 vo-

316 1484 430 1547 cant:
451 1465 647 1543 inferioris
671 1465 766 1542 labii
793 1469 1010 1558 cavitatem,
1031 1467 1258 1567 nympham.
1315 1467 1430 1542 Auri-

317 1596 389 1652 um
410 1572 604 1665 foramen,
631 1595 700 1675 per
720 1574 830 1676 quod
848 1597 963 1652 voces
990 1571 1229 1664 exaudimus,
1257 1573 1433 1651 auditum

317 1678 573 1790 appellitant,
600 1701 749 1785 partem
762 1682 975 1786 pendulam
989 1676 1138 1768 Latini
1152 1681 1302 1774 fibram,
1328 1681 1434 1764 Grae·

314 1793 354 1874 ci
375 1794 500 1873 lobon
519 1812 687 1872 vocant:
725 1817 844 1897 quam
867 1797 986 1875 etiam
1006 1796 1130 1875 solam
1146 1798 1244 1876 auris
1268 1797 1431 1896 particu-

314 1905 396 1981 lam
423 1926 575 1985 nomen
606 1902 760 1997 habete,
812 1925 962 1984 caetetas
982 1902 1078 1984 veto
1111 1909 1277 1984 nomine
1304 1929 1434 1985 carere

316 2013 415 2090 dixit
437 2013 691 2088 Aristoteles:
719 2032 901 2090 caeterum
915 2013 1060 2089 medici
1078 2014 1155 2089 illis
1168 2035 1328 2112 quoque
1352 2038 1428 2089 no·

252 2192 256 2196 .
315 2123 426 2198 mina
450 2122 682 2222 imposuere,
714 2121 881 2223 pinnam
910 2117 1072 2222 quidem
1101 2118 1318 2223 supremam
1345 2144 1432 2223 par·

313 2249 398 2310 tem
413 2231 531 2307 latam
563 2249 680 2333 atque
709 2231 902 2310 declivem
917 2230 1205 2334 appellaverunt
1230 2259 1239 2307 :
1262 2228 1430 2309 helicem

313 2358 448 2420 totum
461 2339 571 2434 illud,
615 2340 724 2442 quod
748 2339 891 2420 deinde
906 2344 1056 2422 aurium
1076 2362 1294 2423 extremam
1317 2364 1429 2424 oram

312 2454 460 2532 ambit:
491 2451 728 2531 anthelicem
749 2451 803 2544 id,
841 2453 951 2556 quod
975 2454 1017 2532 in
1043 2453 1179 2533 medio
1217 2454 1426 2531 cavitatem

312 2565 490 2638 extollit:
519 2561 714 2631 concham
741 2561 825 2654 post
845 2562 1082 2640 anthelicem
1101 2586 1272 2639 cavum:
1300 2586 1424 2661 oppo-

315 2665 426 2748 sitam
458 2655 554 2741 veti>
586 2657 746 2740 concha
769 2660 1027 2739 eminentiam
1044 2664 1150 2757 juxta
1173 2670 1361 2764 temporis
1383 2666 1427 2744 fi-

320 2802 390 2855 nes
405 2795 569 2874 tragum,
590 2765 713 2852 latini
742 2768 897 2850 hircum
932 2771 1103 2853 dixeris:
1136 2770 1272 2852 helicis
1290 2768 1427 2879 finem,

312 2890 380 2991 qui
397 2881 669 2975 subbrevisest,
696 2881 910 2961 antilobida
937 2903 1092 2962 vocant.

366 2995 618 3096 Toracapitis
643 2996 751 3097 prior
767 3016 852 3096 pars
870 2993 987 3072 facies
1016 2995 1169 3075 dicitur.
1227 2993 1343 3072 Malae
1355 2992 1425 3075 sub

311 3111 437 3188 oculis
457 3105 571 3182 faciei
591 3107 813 3183 eminentia
825 3105 913 3184 sunt
939 3104 1008 3183 ubi
1027 3103 1187 3208 pudoris
1207 3102 1325 3202 sedes,
1341 3104 1423 3184 est:

311 3215 558 3314 maximeque
588 3214 645 3290 ibi
672 3215 792 3297 rubor
810 3213 1057 3294 ostenditur:
1091 3210 1176 3316 post
1214 3205 1422 3299 mal'asau·

313 3348 397 3406 tem
423 3323 588 3403 maxilla
614 3321 830 3402 habentur:
874 3345 1037 3424 quarum
1080 3325 1199 3400 altera
1236 3320 1421 3427 superior,

313 3439 432 3515 altera
448 3435 607 3515 inferior
625 3433 688 3526 est,
712 3425 980 3536 inferiorisque
999 3431 1166 3511 maxilla
1193 3433 1291 3510 acies
1310 3457 1420 3534 men·

312 3545 483 3626 tumest:
508 3547 576 3625 sub
604 3539 742 3624 eidem
767 3544 951 3623 inferiore
972 3538 1129 3624 maxilli
1150 3541 1306 3624 carnosa
1332 3567 1418 3647 pars

313 3658 488 3737 leucania
506 3650 634 3763 greci
666 3655 830 3737 dicitur:
862 3654 926 3735 sed
943 3656 1128 3734 nonnulli
1146 3654 1246 3735 hanc
1257 3655 1420 3755 quidem

313 3764 514 3848 caenosam
542 3785 690 3868 partem
704 3787 895 3856 mentum,
916 3767 1133 3847 leucaniam
1161 3759 1258 3840 veri>
1279 3785 1417 3843 cavum

310 3879 448 3983 jugulo
467 3878 690 3981 proximum
715 3879 1014 4066 appelllaperunt.
1068 3873 1194 3962 Barbae
1212 3876 1336 3981 prima
1349 3868 1419 3943 sub

905 4009 929 4065 a
1325 3994 1426 4081 tem3
