3510 4830
783 249 953 363 (ιι)

317 429 536 531 cujusmodi
554 429 642 513 sunt
657 424 874 543 Apopkxiae
888 422 1059 536 Vertigo‚
1084 426 1202 512 Coma
1220 425 1425 543 Epik'psza,

321 548 396 621 &c
416 538 620 645 siquando
645 547 753 622 enim
773 543 878 619 intta
896 539 1100 619 cerebrum
1123 535 1221 622 adeo
1237 545 1428 625 intumes-

319 670 416 732 cunt
429 650 625 746 humotes,
642 658 680 736 δι
695 649 959 731 distenduntur
976 646 1073 743 vasa,
1098 670 1242 732 utnon
1260 655 1426 758 amplius

318 760 421 845 fibtae
448 763 528 843 sese
556 764 786 844 contrahere
812 759 978 849 valcant,
1015 758 1111 859 quid
1142 761 1244 840 fallu
1275 763 1425 845 facilius

319 869 385 964 cst,
412 869 530 977 quim
566 892 610 953 ut
651 869 735 979 post
766 867 913 970 aliquid
949 872 1137 974 temporis
1176 873 1427 953 intervallum

319 1001 387 1063 aut
399 983 667 1096 dirumpantut
677 982 774 1075 vasa,
794 996 859 1058 aut
872 978 1315 1084 peticulostfluidotum
1327 982 1425 1063 insc-

317 1111 485 1195 quantut
507 1095 791 1172 concretiones.
1123 1092 1151 1125 ·’

373 1310 420 1389 ln
441 1311 501 1392 his
528 1311 647 1417 igitur
675 1311 822 1391 motbit
858 1310 1067 1418 multiplici
1088 1309 1183 1388 licet
1209 1314 1424 1391 evacuatio-

320 1445 373 1502 ne
390 1422 448 1501 uti
475 1422 696 1514 debeamus,
720 1443 765 1501 ut
792 1422 1086 1513 venaeseuione,
1122 1422 1351 1524 purgatione
1384 1427 1426 1501 ὅ(

106 1562 111 1570 ’
212 1614 214 1617 ,
319 1534 520 1620 emeticis3
557 1533 765 1613 esttamen
788 1533 831 1609 in
854 1529 1106 1613 vcstcantibus
1132 1523 1320 1634 stngulate
1359 1533 1431 1611 ali·

320 1643 428 1742 quid,
448 1641 556 1744 qnod
585 1639 707 1726 neci
746 1641 938 1746 sanguinis
967 1636 1163 1733 misione,
1202 1666 1278 1721 nec
1295 1643 1429 1721 alvum

251 1770 254 1777 ’
318 1752 582 1843 moventibus,
613 1770 677 1829 aut
706 1752 929 1831 vomitione
966 1752 1152 1851 consequi
1172 1749 1316 1842 liccat.
1334 1773 1429 1830 cum

317 1860 526 1953 stimulant,
552 1860 813 1953 contrahunt,
849 1853 1059 1964 tott'tmque
1088 1881 1228 1962 corpus
1253 1865 1428 1940 concuti·

317 1991 405 2064 tmt,
436 1965 603 2075 ideoque
633 1992 716 2050 tam
745 1971 876 2064 fluida,
908 1993 1028 2078 quam
1060 1968 1182 2047 solida
1210 1994 1294 2048 uno
1322 1966 1427 2070 qual

317 2077 540 2183 code'mque
566 2100 774 2160 momento
809 2084 1011 2160 concitant
1040 2083 1077 2158 δε
1104 2077 1321 2159 dimovent.
1376 2081 1427 2161 Et

317 2187 393 2267 hac
413 2183 657 2293 potissimum
678 2187 723 2264 fit
747 2190 913 2280 tatione,
939 2181 1050 2289 qnod
1074 2187 1117 2264 in
1132 2182 1301 2291 ischutiei
1319 2213 1426 2291 tetta·

318 2295 352 2376 li
379 2302 420 2378 ἀ
447 2290 601 2401 vestcali
635 2297 831 2375 diutcticis
853 2298 912 2374 nil
947 2294 1238 2400 proficientibus
1272 2301 1427 2378 utinam

318 2409 450 2513 sapius
472 2411 601 2489 cicant
638 2401 855 2497 velicantia²
898 2406 964 2484 hic
1009 2424 1141 2483 autem
1178 2401 1425 2489 subtiliffimo

314 2518 459 2598 medici
483 2518 663 2598 acumine
687 2515 734 2595 ad
767 2514 1073 2619 dignoscendam
1089 2515 1220 2592 morbi
1248 2538 1426 2597 naturam

316 2627 369 2706 cst
396 2653 508 2733 opus,
548 2620 641 2705 cum
685 2629 728 2704 in
765 2625 841 2704 istis
881 2617 1134 2706 solummodo
1162 2620 1304 2707 casibus
1348 2628 1426 2710 haec

313 2739 489 2819 adhiberi
524 2736 640 2812 debet
668 2734 891 2825 medicina,
930 2737 973 2810 in
999 2734 1139 2833 quibus
1164 2758 1323 2839 propter
1350 2744 1425 2818 im·

304 2847 570 2925 'becillitatem
609 2841 676 2917 seu
713 2840 909 2941 quandam
937 2847 1106 2942 partium
1143 2843 1275 2923 ἀτονίαν
1314 2872 1426 2927 tenes

313 2952 471 3054 stimulo
507 2970 638 3051 egent,
670 2972 753 3049 quo
777 2950 916 3027 melius
950 2948 1021 3028 suo
1049 2950 1260 3050 fungantur
1284 2977 1423 3035 mune·

315 3088 383 3156 τις
430 3062 495 3141 scu
530 3060 690 3163 quando
730 3058 911 3138 viscidius
946 3059 999 3138 esl
1046 3058 1185 3153 serum,
1229 3087 1350 3165 quam
1380 3087 1424 3148 ut

312 3173 429 3253 facilc
468 3195 536 3276 pet
565 3171 688 3248 ctibta
720 3170 865 3249 tenalia
897 3169 1122 3248 transcolati
1150 3167 1279 3274 possit.
1359 3179 1425 3257 Ne

315 3289 379 3364 cui
405 3277 500 3360 veto
524 3282 669 3359 mitum
701 3279 903 3373 videatut,
939 3280 988 3359 ad
1011 3285 1128 3360 utinae
1155 3275 1423 3367 difficultatem

313 3394 380 3472 hic
406 3391 674 3470 commendari
708 3390 974 3482 Cantharidas,
1011 3416 1105 3492 quas
1140 3410 1278 3481 tamen⁵
1301 3399 1342 3477 in
1365 3401 1421 3478 fe.

316 3503 445 3580 btibus
488 3499 688 3607 ischariam
732 3500 874 3578 inserte
914 3500 1172 3604 saepenumero
1221 3505 1424 3605 videmuS,

314 3614 478 3690 cumin
512 3613 632 3689 acutis
663 3609 800 3687 decem
837 3610 900 3687 vel
951 3613 1059 3714 plura
1101 3607 1321 3696 velicatotia
1347 3645 1420 3722 pro

316 3723 357 3826 ti
381 3721 511 3804 motbi
525 3720 685 3833 solenne
708 3718 762 3800 eli
795 3742 1000 3833 apponere,
1033 3723 1205 3825 quisquis
1222 3747 1352 3806 autem
1372 3731 1418 3805 ad

1292 3860 1419 3916 utmas
