3510 4830
463 293 542 370 De
560 263 772 368 Partibus
809 263 1027 369 Hominis.
1124 247 1138 315 .·
1228 312 1296 404 44

190 443 480 523 crassamentum
508 444 570 520 est.
626 443 711 520 Alii
745 448 901 546 nigrum
932 444 1297 547 sanguinentatram

191 555 261 633 else
294 558 412 634 bilem
452 555 681 646 asseverant,
718 558 865 657 reliqua
886 575 1131 633 excrementa
1167 558 1296 653 hujus·

188 669 297 743 modi
311 669 420 743 sunt:
452 669 564 744 saliva
576 668 736 766 quidem
760 671 838 745 oris
853 668 903 745 est
919 668 1139 745 humiditas.
1205 671 1292 746 Mu-

184 801 252 854 cus
280 779 418 852 salsum
431 777 480 849 cll
501 779 646 850 cerebri
669 798 977 877 purgamentum.
1009 779 1133 856 Sudor
1161 779 1211 855 est
1229 805 1297 882 pet

185 910 308 963 omne
333 908 472 988 eorpus
493 883 611 963 effusa
641 885 864 963 humiditas.
893 883 1024 964 Urina
1051 889 1102 964 est
1132 891 1298 967 nitrosus

182 995 327 1074 humor
352 1001 393 1073 in
416 991 577 1072 vescam
607 996 798 1075 delabens.
828 999 1017 1074 flatusest
1041 1001 1081 1074 in
1112 999 1297 1077 intestinis

182 1109 433 1209 supervacuus
454 1107 615 1210 spiritus.
675 1107 851 1209 Cypselis
881 1110 968 1187 sunt
990 1113 1140 1187 aurium
1156 1110 1293 1202 lonles,

181 1242 281 1328 quas
301 1218 509 1310 certamina,
538 1233 607 1298 aut
629 1234 864 1298 marmorata
887 1235 1038 1298 veteres
1061 1217 1202 1299 Latini
1227 1239 1294 1327 ap-

171 1325 416 1435 pellitabant.
476 1332 634 1408 Menses
658 1335 698 1407 in
727 1334 954 1409 mulieribus
990 1332 1076 1409 suut
1105 1331 1296 1408 menstrua

182 1465 250 1541 per
266 1445 425 1516 vulvam
455 1442 648 1540 sanguinis
682 1463 953 1517 excrementa:
983 1469 1065 1540 quae
1092 1437 1184 1516 eum
1208 1445 1294 1519 alba

183 1552 284 1638 sunt,
310 1575 393 1626 non
413 1550 562 1626 menses
583 1553 694 1641 ultra,
720 1549 782 1625 sed
795 1551 1030 1652 profluvium
1049 1552 1289 1627 nominatur.

99 1728 104 1737 .
181 1659 261 1737 Lac
292 1661 343 1736 est
378 1664 419 1736 in
452 1663 631 1738 mammis
670 1663 845 1739 alimenti
877 1664 1092 1739 concomio.
1150 1654 1295 1756 Samen,

183 1767 317 1851 Graeci
336 1772 494 1876 sperma,
520 1774 646 1863 thora,
688 1779 726 1851 &
748 1796 886 1876 genos,
932 1767 1003 1849 hoc
1034 1768 1086 1878 est
1104 1771 1294 1880 genitura

181 1882 288 1961 idem
309 1879 544 1986 fignificant:
569 1885 609 1959 id
629 1879 724 1962 vero
745 1885 796 1960 est
815 1885 965 1987 spiritns
984 1880 1107 1974 fimul,
1121 1906 1234 1982 atque
1253 1909 1292 1960 a·

181 1993 337 2068 limenti
364 2000 542 2093 genitalis
573 1999 614 2068 in
641 1994 869 2071 assessoribus
886 1996 1104 2070 concofflo.
1160 1996 1292 2069 Praxa-

180 2125 291 2204 goras
318 2106 501 2207 peculiari
533 2105 706 2205 quodam
743 2104 866 2180 modo
889 2104 1022 2180 suecos
1060 2104 1293 2193 nominavit,

182 2213 349 2296 dulcem,
389 2234 660 2318 temperatum,
700 2219 925 2294 &vitreum
954 2244 962 2290 :
994 2213 1065 2290 hos
1095 2209 1115 2291 i
1147 2216 1293 2316 pituitae

181 2323 306 2426 specie
338 2322 584 2406 sevocavit:
606 2331 703 2404 irem
719 2327 886 2419 acidum,
911 2326 1116 2430 nitrosum,
1140 2323 1293 2415 salsum,

181 2441 219 2512 &
244 2461 439 2515 amarum:
469 2440 541 2516 hos
575 2443 640 2530 ita,
684 2458 727 2517 ut
756 2439 920 2541 gustatus
944 2438 1101 2532 judicat,
1128 2437 1291 2540 appella-

178 2550 255 2623 vit:
284 2551 379 2617 alios
418 2569 596 2641 praeterea
629 2575 857 2639 portaceum
886 2553 1047 2640 quidem
1072 2573 1117 2620 ex
1145 2550 1293 2637 colore,

179 2654 405 2732 vitellinum
426 2644 521 2727 verti
537 2673 582 2725 ex
609 2641 854 2724 crassitudine
869 2676 877 2722 :
907 2650 1002 2724 alios
1020 2672 1176 2749 quoque
1191 2651 1294 2726 abra-

181 2765 317 2851 sorios,
346 2765 533 2859 quoniam
559 2760 773 2836 abtasuram
794 2777 958 2860 parant:
1005 2760 1101 2835 alios
1123 2757 1293 2861 stagnan-

178 2893 249 2963 tes,
283 2871 389 2971 quod
419 2875 459 2947 in
479 2876 586 2947 venis
609 2870 830 2960 inhaereant,
852 2894 978 2971 neque
992 2875 1033 2946 in
1057 2893 1213 2947 carnem
1236 2871 1291 2949 su-

178 2986 307 3072 beant,
333 2984 422 3081 quia
448 3002 593 3065 tenues,
624 2985 725 3058 intra
755 2982 945 3081 venasque
970 2980 1138 3084 absorpti
1164 2982 1292 3084 quies·

179 3113 300 3173 cunt:
326 3096 366 3169 in
388 3095 549 3183 summa,
580 3119 701 3171 omne
723 3093 915 3192 liquidum
941 3093 1168 3190 Praxagoras
1196 3094 1285 3188 chy-

177 3228 277 3280 mon
297 3202 472 3304 appellat.
530 3203 587 3278 At
614 3201 866 3292 Mnesrtlreus,
886 3195 990 3310 quod
1010 3193 1196 3309 liquidum
1222 3198 1286 3304 est,

178 3314 339 3410 chylon,
378 3307 425 3389 id
458 3307 508 3415 cst
526 3310 684 3417 flaccum
723 3315 937 3388 nominat:
977 3310 1040 3385 sed
1070 3310 1286 3410 gustatilem

178 3424 418 3523 qualitatem,
436 3419 510 3500 five
535 3426 576 3499 in
599 3423 731 3512 arido,
763 3416 835 3498 srve
857 3422 897 3496 in
927 3420 1076 3520 liquido
1108 3419 1285 3522 positam,

178 3533 366 3631 chymon,
407 3527 455 3609 id
475 3528 528 3630 est
545 3530 720 3639 saporem
744 3550 869 3609 vocat.
928 3533 1114 3608 Calorem
1143 3553 1287 3626 autem,

177 3662 294 3742 atque
310 3644 482 3742 spiritum
510 3646 623 3719 Zeno
646 3644 751 3721 idem
778 3642 848 3719 effe
873 3643 1032 3719 censuit.
1095 3642 1170 3716 Sed
1201 3668 1285 3719 me·

177 3755 254 3833 diei
275 3753 539 3842 distinxerunt,
552 3754 739 3857 spiritum,
762 3778 881 3853 quem
896 3753 1074 3853 spirando
1086 3749 1285 3842 trahimus,

176 3867 346 3947 calorem
398 3879 529 3945 autem
582 3863 733 3968 spiritus
784 3858 985 3942 elistonem
1035 3862 1282 4046 appellanpes.

1240 3969 1284 4046 lii

180 4076 195 4130 1
