3510 4830
606 229 686 353 Do
704 246 916 352 Partibus
939 249 1159 355 Hominis.
1376 251 1444 381 ‘30

333 440 507 542 vocatur,
532 464 691 551 quattus
712 451 888 545 anulatis,
918 452 1077 531 ultimus
1096 473 1243 558 parvus.
1268 449 1445 557 Ipsorum

332 559 408 638 olla
436 558 640 651 scuticulc,
668 562 707 638 δι
728 561 947 666 phalanges,
974 567 1011 641 &
1033 560 1275 641 internodia:
1326 564 1443 664 primi

331 671 484 748 articuli
506 667 741 773 procondyli
763 695 887 768 gsaeco
919 673 1124 767 vocabulo,
1167 669 1310 767 (latino
1341 671 1442 750 enim

328 785 488 880 carent)
525 777 646 853 medii
685 779 869 874 condyli:
923 782 1116 882 postremi,
1157 781 1434 880 mctacondyli.

328 881 541 990 Unguium
559 887 683 975 initia,
701 888 848 964 radices
877 890 1066 990 unguium
1084 906 1294 966 vocantur:
1318 892 1439 970 intet-

329 1017 390 1071 nae
407 995 630 1096 ¹digitorum
656 994 908 1087 summitates,
947 999 1048 1076 acini
1080 1001 1120 1077 δι
1147 999 1332 1075 venires:
1362 1021 1440 1077 car·

328 1105 424 1182 nosa
445 1105 600 1208 pollicis
631 1127 716 1208 pars
745 1104 815 1183 sub
847 1127 984 1185 manus
1010 1129 1106 1186 cavo
1130 1107 1341 1211 insurgens,
1368 1106 1439 1185 ste·

325 1212 414 1292 thos
438 1236 566 1321 graece
605 1218 843 1307 nominatur,
879 1210 984 1324 quod
1000 1211 1104 1323 apud
1121 1209 1294 1296 Latinos
1299 1212 1439 1322 petius

313 1319 459 1430 sonat:
489 1323 665 1427 spatium,
691 1325 800 1428 quod
835 1326 938 1406 inter
958 1327 1143 1420 iudicem,
1172 1328 1439 1429 pollicemque

323 1433 547 1526 intercedit,
572 1430 852 1534 carnosumquc
870 1436 935 1524 eli,
964 1436 1033 1513 sub
1051 1459 1134 1536 quo
1156 1460 1295 1515 manus
1318 1439 1361 1512 in
1378 1459 1436 1513 ca·

325 1565 422 1623 vum
463 1536 639 1642 subsidet,
664 1540 802 1621 thenar
838 1538 1001 1630 dicunt3
1047 1542 1293 1646 hypothcnar
1327 1540 1437 1636 vcro,

323 1651 432 1753 quod
452 1648 523 1758 sub
551 1669 719 1754 quatuor
748 1651 879 1753 digitis
909 1648 985 1730 est:
1014 1649 1078 1730 sed
1102 1673 1268 1730 omnem
1295 1673 1434 1730 manus
1494 1658 1500 1667 '

322 1765 552 1842 interiorem
576 1762 824 1841 latitudinem
853 1760 992 1842 thenas
1010 1762 1264 1866 Hippocrates
1288 1759 1436 1842 vocasse

324 1872 425 1952 visus
443 1869 505 1950 est.
540 1866 597 1950 Id
606 1867 710 1980 apud
720 1868 889 1952 Latinos
903 1867 996 1949 vola
1023 1867 1211 1979 sgm'ficat.

375 1981 417 2057 A
445 1981 586 2080 jugulis
614 1983 742 2081 pedus
769 1985 813 2058 in
848 1982 978 2080 priore
1016 2001 1123 2082 parte
1156 1979 1230 2068 cst3
1259 1981 1434 2057 medium

324 2105 468 2180 autem,
507 2089 549 2162 in
581 2085 689 2187 quod
730 2085 840 2165 collae
876 2085 1055 2177 subcunt,
1091 2087 1247 2166 liernon
1290 2106 1434 2166 vocant

322 2195 463 2288 Graeci,
480 2192 627 2277 Latini
650 2219 692 2273 os
707 2193 899 2304 pelleris:
921 2197 972 2275 ab
994 2193 1121 2277 aversa
1141 2197 1236 2275 colli
1257 2215 1365 2301 parte
1384 2198 1433 2274 ad

318 2306 603 2411 metaphrenon
632 2319 816 2387 vocatum
852 2304 972 2406 usque
1000 2323 1153 2408 tergum
1177 2307 1239 2386 est,
1299 2307 1429 2386 Meta·

317 2418 498 2522 phrenon
525 2419 630 2497 inter
665 2437 820 2520 tergum
855 2410 1103 2519 lumbosque,
1132 2417 1200 2497 ubi
1229 2439 1342 2495 renes
1367 2417 1430 2494 ad-

317 2527 541 2610 lraerescunt,
568 2527 742 2599 locatum
762 2526 824 2601 est.
865 2524 1012 2604 Lumbi
1044 2522 1140 2605 verd
1168 2524 1269 2606 dorsa
1291 2528 1431 2604 ultima

316 2657 403 2737 pars
429 2628 541 2708 sunt:
570 2646 715 2704 earnm
738 2624 780 2703 in
802 2625 958 2726 pedore
974 2631 1208 2716 emiuentiae,
1235 2651 1427 2722 mammae,

316 2762 432 2843 atque
459 2737 576 2815 ubera
597 2751 808 2815 vocantur:
836 2754 1018 2827 manunae
1035 2750 1208 2813 extrema
1236 2756 1333 2838 pars,
1366 2759 1430 2838 pa·
1503 2777 1506 2784 ·

315 2852 432 2955 pilia:
460 2840 633 2950 primum
658 2839 755 2924 vero
783 2845 827 2921 in
849 2840 1099 2946 pubescendo
1124 2846 1427 2939 incrementum,

314 2961 400 3039 faba
422 2957 576 3050 dicitur,
601 2974 734 3035 totum
755 2973 887 3033 autem
905 2970 1104 3036 tumorem
1128 2954 1249 3038 Greci
1273 2955 1428 3037 ascoma

312 3088 478 3152 vocant:
513 3063 634 3148 latine
668 3078 806 3157 utrem,
836 3057 921 3174 five
954 3060 1044 3142 uber
1092 3060 1235 3152 dicito;
1286 3065 1425 3143 sedin

313 3177 542 3258 mulieribus
566 3175 687 3275 magis
713 3170 878 3279 propris.
906 3172 1036 3265 Latus,
1056 3171 1154 3250 illud
1172 3189 1302 3249 totum
1315 3176 1424 3274 quod

314 3290 461 3367 subala
484 3285 548 3378 est,
575 3282 787 3387 appellatur
803 3313 814 3369 ς
842 3279 919 3358 offa
932 3280 1039 3374 vetd,
1059 3281 1189 3361 collae:
1206 3284 1308 3361 inter
1325 3282 1422 3384 ipsas

314 3399 446 3502 spatia,
465 3392 718 3474 intercostalia
735 3392 1004 3472 nominantur.
1034 3390 1176 3492 Sputiae
1197 3392 1304 3472 collae
1322 3392 1422 3482 sunt,

313 3533 396 3612 quae
427 3507 473 3588 ad
502 3505 693 3611 pestorale
716 3527 761 3582 os
779 3527 865 3583 non
887 3504 1129 3602 perveniunt.
1189 3501 1270 3581 Sub
1293 3503 1418 3606 pcdio

312 3643 355 3698 re
384 3641 532 3706 cavum,
558 3615 762 3694 ventriculi
788 3637 834 3693 os
859 3612 1021 3689 dicitur:
1049 3613 1156 3714 quod
1184 3616 1251 3693 alii
1269 3635 1419 3714 procar-

313 3731 424 3818 dion,
452 3720 559 3833 quast
589 3720 713 3803 latine'
725 3716 989 3832 praecordium,
1016 3724 1213 3801 'nonnulli
1237 3715 1332 3796 verd
1353 3745 1421 3799 cor

315 3837 576 3946 appellarunt,
603 3833 833 3940 doloresque
865 3834 921 4019 ilbi
939 3834 1123 3921 orientes,
1163 3829 1290 3909 cordis
1313 3851 1421 4009 mor·

915 3964 936 4018 2
1370 3955 1424 4024 ns,
