3510 4830
521 272 599 375 De
616 267 829 374 Panibus
851 270 1072 374 Hominis.
1287 270 1354 397 '58

225 547 230 557 ‚
255 449 429 537 arteriam
451 451 493 534 in
509 453 695 536 bronchia
712 453 928 557 trastusper
938 445 1136 557 pulmonis
1158 445 1373 554 spiramen:

249 586 290 642 ta
323 571 422 648 intra
460 567 622 670 pestoris
653 588 789 647 cavum
832 566 1032 643 elabitur.
1063 582 1176 662 atque
1207 567 1362 656 iterum,
1424 659 1426 661 .

249 676 351 754 foras
378 676 522 755 abhoc
546 703 612 779 per
639 681 827 758 naturalia
852 675 1045 756 foramina
1070 675 1311 776 propellitur.

217 829 218 833 κ
267 788 372 861 A.b
398 785 567 884 utrisque
600 789 817 888 pracordiis
847 790 996 863 lienis
987 777 1170 885 Jecirrque
1199 789 1352 878 jacent

239 892 320 971 ·sub
347 890 576 996 pulmone
560 923 581 974 a
607 896 779 974 dextris
768 916 877 991 Jecur
900 896 963 987 cll,
992 895 1203 974 transverso
1224 893 1352 978 uisuri·

247 1005 361 1087 mini
377 1006 496 1106 magis
523 1008 745 1109 appensum,
778 1005 980 1108 posteriori
997 1024 1107 1109 parte
1133 1006 1352 1109 ingibbum

243 1115 461 1217 assurgens:
492 1117 534 1192 in
568 1137 735 1217 quatuor
765 1121 1030 1220 autquinque
1066 1115 1178 1194 fibras
1200 1116 1348 1193 dirimi-

242 1243 324 1316 -tur,
362 1225 498 1304 colore
538 1225 656 1304 lentis
691 1228 738 1305 ad
770 1228 1021 1309 rubicundius
1052 1248 1184 1304 tamen
1212 1229 1349 1327 vergit,

244 1336 394 1414 venoso
424 1360 587 1441 corpore
629 1341 738 1436 juxta
779 1358 895 1438 atque
933 1339 1154 1444 sanguineo.
1213 1338 1347 1417 Venas

243 1466 388 1536 autem,
425 1473 509 1544 quae
526 1470 624 1521 cavae
651 1473 719 1546 per
741 1447 995 1547 interseptum
1023 1448 1071 1522 ad
1091 1472 1160 1523 cor
1181 1447 1347 1523 tenden-

243 1560 275 1631 ti
294 1558 607 1636 committuntur‚
643 1579 711 1633 ora
757 1549 961 1654 portisque
990 1553 1124 1635 vetusti
1148 1554 1348 1653 scriptores

244 1684 528 1767 nuncuparunt.
590 1664 668 1742 Sub
698 1686 869 1742 convexa
901 1685 1007 1765 parte
1027 1657 1206 1765 pufillum
1225 1665 1349 1764 quod-

241 1775 331 1852 dam
356 1775 550 1854 vasculum
570 1770 696 1854 vcslcae
716 1772 838 1852 smrile
860 1773 1030 1854 defixum
1041 1773 1104 1865 est,
1123 1777 1345 1861 nervosum,

238 1879 416 1985 fellisque
459 1889 557 1964 inibi
584 1888 707 1989 geniti
732 1908 884 1987 capax:
928 1883 949 1964 i
975 1910 1057 1986 quo
1084 1881 1172 1961 sane
1197 1906 1346 1962 meatus

239 1998 399 2094 quidam
425 2020 586 2072 nerveus
610 2022 675 2099 per
703 1998 814 2072 laedes
835 1995 882 2068 ad
916 1995 1094 2071 intestina
1115 1995 1345 2070 contendit:

239 2127 310 2206 per
321 2106 629 2207 quempaulatim
643 2107 730 2183 bilis
747 2107 789 2181 in
807 2100 983 2180 intestina
1000 2101 1203 2194 delabitur,
1219 2123 1348 2180 excec-

239 2209 448 2316 menta'quc
460 2216 579 2294 felleo
608 2217 743 2295 colore
767 2210 967 2306 suffundit,
992 2233 1106 2314 atque
1124 2211 1204 2317 ipsa
1219 2211 1347 2315 depcl-
1419 2303 1426 2322 ι

238 2325 347 2402 lendi
361 2328 585 2430 cupidinem
602 2328 732 2406 infert.
768 2327 858 2405 Hoc
870 2323 1081 2403 intercluso
1094 2327 1233 2402 itinere
1245 2326 1345 2401 auri·

235 2461 289 2538 go
318 2435 446 2517 futura
474 2440 732 2542 portenditur,
771 2435 849 2514 bile
875 2461 945 2541 per
974 2459 1096 2515 omne
1125 2457 1266 2538 corpus
1285 2432 1344 2515 ef·

236 2546 341 2618 fusa:
370 2551 553 2642 quocirca
583 2550 717 2620 albidae
738 2568 993 2641 cretaccaeque
1025 2546 1259 2637 dejediiones
1279 2567 1345 2622 ex·

237 2669 347 2730 cunt.

648 3286 728 3390 De
747 3294 916 3419 jecore.

337 3675 528 3756 Stantem
562 3676 877 3782 praefervidum
867 3699 1105 3783 igneumque
1131 3676 1235 3771 jecur
1258 3672 1348 3777 plu

327 3791 506 3868 simum
531 3792 578 3865 ad
603 3790 640 3867 se
667 3793 846 3870 alimenti
879 3787 1086 3874 attrahens,
1111 3805 1155 3860 ae
1171 3782 1348 3865 finitimis
