3510 4830
818 273 960 410 ιι)

334 488 378 544 ca
397 467 497 541 iuter
516 464 766 563 antiquorum
786 461 998 564 praescripta
1013 457 1196 540 tariffrmd
1219 480 1443 544 occurrunt,

332 571 569 674 nequcsand
586 574 822 664 mirandum,
848 574 1014 674 quando·
1037 573 1115 653 boc
1134 578 1295 653 remedii
1318 599 1450 678 genus-

331 686 472 763 inistis
509 686 790 785 tantummodo
823 682 964 763 casibus
1001 681 1254 787 uiurpdrunt,
1297 691 1441 787 quibus

331 795 508 874 sanandis
534 816 658 872 cerata
693 789 811 868 hodie
831 795 1060 893 plerumque
1090 796 1332 876 adhibentur.
1390 802 1438 875 Et

331 901 448 987 ficui
466 924 644 982 veterum
661 904 800 1003 scripta
820 903 1000 980 evolvere
1030 903 1082 978 est
1125 908 1290 993 animus,
1319 911 1445 983 modi..

329 1019 461 1120 cinam
486 1014 586 1091 hanc
605 1034 691 1091 tum
718 1013 849 1090 morbi
872 1032 1026 1102 natura,
1065 1031 1152 1090 turn
1177 1017 1310 1112 agroti
1343 1035 1441 1094 tem·

211 1169 218 1180 ι
329 1111 558 1228 perimento
584 1148 656 1227 pto
692 1147 735 1201 te
762 1144 863 1201 nata
895 1123 1233 1201 accommodatam
1263 1131 1440 1230 reperiet

329 1237 464 1312 Mitto:
481 1232 575 1313 verb
597 1236 645 1312 de
665 1231 727 1311 his
755 1235 864 1335 plura
880 1233 1090 1327 differem,
1097 1257 1148 1311 ue
1172 1238 1215 1315 in
1241 1234 1440 1319 renota&

326 1345 549 1448 pervulgata
567 1348 712 1423 nimius
731 1340 811 1421 srm

382 1456 505 1534 Sub
496 1459 619 1534 mitio
642 1456 845 1557 superioris
882 1455 1002 1540 seculi
1025 1454 1349 1558 disputationibus
1363 1458 1440 1535 sms

328 1586 471 1646 eontra
521 1564 772 1646 vesicantium
825 1566 939 1644 usum
994 1569 1131 1644 acriter
1177 1569 1440 1646 contendebat

326 1670 593 1756 Berrardr'nur
616 1674 785 1785 ⁸Caijus
819 1669 968 1777 suisque
1002 1672 1238 1803 magnopere
1265 1675 1442 1773 dissirasst,

325 1808 394 1865 ne
390 1782 696 1869 vesrcautibus
685 1811 729 1863 ιιι
760 1789 907 1865 morbis
938 1790 1059 1866 acutis
1096 1807 1310 1882 uterentun·
1346 1791 1442 1869 huic

325 1891 455 1977 acutd
463 1897 567 1977 satis
592 1897 790 2002 respondit
809 1893 1046 1981 Dominicus
1062 1896 1080 1951 b
1099 1892 1278 1991 Territus,
1310 1903 1378 2001 qui
1396 1907 1441 1982 &-

322 2007 492 2106 plutima
514 2008 675 2082 adduxit
708 2028 948 2104 argumenta,
982 2011 1125 2104 quibus
1150 2009 1252 2084 hanc
1278 2010 1440 2085 medici-

323 2137 420 2196 nam
438 2115 477 2191 dc
503 2132 629 2192 tutam
647 2117 687 2191 dc
707 2105 947 2190 utiliffrmam
969 2114 1088 2189 effe
1077 2137 1121 2189 ιιι
1147 2115 1359 2193 istiusmodi
1378 2143 1438 2198 ca·

322 2219 420 2301 fibus
452 2216 732 2325 comprobdrit
789 2223 838 2299 Et
873 2216 975 2315 sane,
1007 2218 1181 2324 srpauld
1211 2222 1438 2327 diligentius

321 2357 486 2415 examen
538 2333 837 2425 instituerimus,
882 2332 973 2423 hoc,
994 2332 1125 2424 solum
1165 2340 1203 2415 δι
1234 2332 1318 2415 ferd
1349 2343 1435 2420 uni.

320 2466 412 2523 cum
444 2446 609 2527 remedii
656 2468 778 2546 genus
806 2441 888 2530 jcffc
924 2447 1181 2533 inveniemus,
1235 2443 1265 2526 ιι
1311 2471 1434 2531 vena-

318 2551 535 2631 sectionem
562 2558 739 2650 excipias,
779 2578 826 2630 ex
853 2579 937 2652 quo
970 2559 1012 2632 in
1034 2556 1207 2634 febribus
1240 2560 1435 2658 malignis,

320 2662 632 2752 continentibus,
667 2658 823 2737 variolis
842 2663 880 2733 δι
898 2662 1112 2758 pieunnde
1124 2665 1286 2759 aliquod
1302 2674 1436 2764 magni

319 2770 601 2872 expeciandum
640 2763 695 2844 ιιι.
781 2767 1026 2869 Pergamus
1015 2772 1133 2870 igitur
1165 2775 1203 2849 dc
1237 2771 1437 2854 videamus

317 2875 521 2984 paululrim
539 2905 621 2983 quo
652 2871 814 2957 demitm
855 2878 978 2957 modo
999 2883 1038 2957 δι
1073 2873 1149 2980 qua
1186 2876 1433 2984 potiffrmum

317 2992 541 3095 tempestate
577 2991 658 3068 hac
688 2990 897 3067 medicina
914 2991 960 3066 ad
997 2991 1231 3069 morborum
1250 2993 1432 3077 levamen

306 3107 356 3186 de
370 3109 506 3207 aegroti
528 3100 788 3185 commodum
811 3095 983 3178 maxime
1014 3099 1250 3181 adhibeatur

371 3215 494 3292 Nulla
515 3207 599 3290 fere
624 3209 741 3288 febris
767 3210 831 3301 est,
857 3235 941 3310 quae
968 3213 1011 3288 in
1040 3214 1235 3316 principio
1259 3215 1430 3318 aliquam

318 3322 453 3400 saltem
479 3325 773 3402 evacuationem
802 3318 905 3397 haud
927 3316 1122 3398 desiderat
1179 3323 1256 3401 Seu
1280 3333 1429 3406 etenim

316 3426 424 3509 lente
441 3436 570 3526 nimis,
593 3434 657 3510 seu
678 3427 794 3532 quam
810 3454 886 3559 par·
897 3429 948 3508 est
965 3423 1138 3511 velocius
1157 3431 1338 3539 sanguis
1328 3460 1430 3517 rntra

317 3543 466 3621 canales
491 3541 578 3625 suos
607 3560 822 3636 moveatur,
851 3544 920 3637 tin
939 3535 1109 3644 utrisque
1142 3547 1251 3623 enim
1283 3545 1428 3631 casibus

311 3868 373 3933 ‘bu
352 3781 554 3868 'Disputatio
577 3785 616 3849 de
631 3784 827 3850 vesrcmtium
844 3782 909 3850 usu
1022 3782 1035 3820 ⁸
1056 3782 1216 3873 Autiiogia
1240 3786 1280 3852 de
1294 3787 1429 3855 reficau·

374 3887 397 3931 ς
1010 3907 1017 3921 .

1326 3987 1425 4077 reni
