3510 4830
458 243 523 339 61
789 249 978 343 Rom
1011 248 1252 346 Erursrr

460 429 594 510 laevam
628 431 749 535 magis
791 435 956 514 reflexus
993 436 1210 515 collocatur
1235 434 1285 515 ab
1311 426 1470 537 angusto
1496 435 1566 519 ore

462 545 505 621 in
531 544 648 620 latam
667 544 896 645 capedinem
918 543 1095 629 sinuatus,
1128 551 1235 644 cujus
1255 568 1478 626 convexum
1498 572 1567 628 ex·

462 669 521 729 tra
548 655 590 731 in
631 655 826 732 abdomen
859 659 997 756 vergit,
1030 652 1171 736 samum
1204 651 1300 734 vero
1320 656 1477 734 dorsum
1508 681 1567 736 re·

463 760 597 862 spicit:
626 761 757 867 longe,
768 761 886 866 quam
898 768 987 864 gula
1001 761 1196 843 nervostor
1209 767 1444 843 ventriculus
1455 765 1505 842 est
1514 785 1567 843 at·

464 895 542 971 que
565 876 754 976 ampli013
770 875 848 979 ipse
861 877 1048 953 nimirum
1064 877 1168 953 intus
1183 893 1338 977 accepta
1354 875 1571 974 colliquans

464 1004 550 1061 non
562 1007 799 1089 magnopere
822 985 860 1061 se
874 984 1031 1063 dilatat:
1058 985 1122 1062 sed
1136 987 1213 1065 cibi
1229 984 1406 1086 ingressui
1419 983 1571 1077 cedens,

466 1095 546 1186 ejus
576 1095 800 1175 descensum
834 1097 872 1172 se
896 1094 1196 1194 constringendo
1215 1094 1453 1194 insequitur:
1479 1088 1571 1176 clam

464 1201 515 1280 ad
533 1204 717 1284 alimenta
735 1206 972 1309 suscipienda
991 1199 1012 1284 l
1032 1200 1167 1284 naturd
1194 1224 1341 1284 creatus
1367 1199 1422 1281 sit.

671 1521 749 1621 De
790 1516 1002 1650 Intestinis
1048 1517 1110 1627 &³
1142 1514 1363 1619 Lailibus.

473 1808 477 1815 ’
615 1779 850 1861 Ventriculo
868 1777 1045 1856 intestina
1061 1782 1104 1855 in
1139 1778 1264 1880 plures
1301 1777 1414 1854 orbes
1443 1778 1575 1881 impli⁴

614 1895 689 1968 cita
712 1890 761 1965 ad
789 1888 942 1978 cibaria,
973 1911 1058 1987 quae
1085 1889 1133 1965 ab
1164 1910 1214 1964 eo
1234 1887 1478 1977 delabuntur,
1509 1909 1574 1964 ex·

471 2004 650 2102 cipienda
672 2001 839 2078 formata
870 1997 1087 2102 prodeunt:
1134 1996 1277 2075 horum
1309 2021 1434 2076 unum
1456 1992 1574 2073 idem·

470 2133 547 2213 que
565 2113 613 2188 ab
635 2111 719 2215 ipso
738 2128 881 2188 vocato
921 2108 1094 2211 processu
1136 2108 1183 2183 ad
1205 2106 1352 2184 rectum
1379 2132 1423 2184 ac
1446 2106 1576 2185 sedem

470 2220 589 2319 usquc
618 2225 691 2297 iter
724 2222 913 2322 pertinet:
940 2221 1041 2294 inter
1079 2242 1164 2317 quae
1184 2219 1356 2319 primum
1386 2216 1450 2307 est,
1470 2216 1579 2316 quod

472 2328 668 2418 ostiarius,
709 2346 776 2406 aut
822 2327 1138 2424 dodecadadylus
1187 2323 1361 2404 dicitur:
1409 2325 1580 2403 ostiarius

471 2438 645 2536 quidem,
670 2433 780 2537 quod
796 2439 837 2511 in
864 2438 1085 2514 ventriculo
1112 2430 1231 2535 possta
1257 2432 1453 2534 tantisper,
1482 2435 1579 2512 dum

473 2553 562 2625 lunt
585 2547 728 2631 coacta,
771 2543 988 2615 custodiat:
1017 2538 1110 2612 ciam
1137 2538 1286 2615 remiss'a
1318 2539 1405 2618 sunt
1436 2564 1579 2637 autem,

475 2678 573 2737 tnnc
595 2659 634 2735 dc
653 2650 850 2735 hostiarius
866 2671 959 2730 cum
977 2646 1164 2730 intestinis
1192 2651 1377 2752 aperitur:
1395 2650 1581 2752 quemad·

476 2764 644 2845 modum
669 2763 736 2842 ani
773 2758 970 2843 musculus
998 2756 1209 2860 sphindlcr‚
1239 2752 1354 2865 idest
1376 2756 1585 2864 affirmo,

476 2891 636 2953 vocatus
654 2869 875 2949 remittitur.
930 2864 1258 2964 Dodecadadylus
1295 2865 1462 2949 autema
1487 2871 1584 2953 duo·

479 2984 608 3061 decim
627 2980 838 3082 digitorum
873 2975 1121 3076 longitudine
1148 2976 1384 3055 vocabulum
1414 2985 1584 3082 accepit:

481 3091 644 3171 nervosa
663 3084 774 3193 ipsius
797 3080 986 3189 crass'aque
1018 3084 1221 3171 substantia
1256 3085 1330 3178 est,
1354 3087 1433 3164 hoc
1456 3092 1583 3192 appel.

368 3232 404 3275 .·.
480 3207 606 3285 latum
627 3204 802 3298 jejunum
814 3200 938 3300 tangit
958 3197 1040 3276 aliis
1063 3194 1250 3277 intestinis
1267 3192 1468 3292 carnostus,
1486 3199 1584 3281 sem·

482 3337 552 3418 per
572 3304 656 3389 ferd
684 3311 862 3413 alimenti
886 3308 1046 3410 penuria
1077 3307 1283 3385 laborans:
1325 3308 1429 3399 unde
1462 3312 1584 3407 jejuni

483 3445 641 3523 quoque
663 3421 967 3524 appellationem
992 3418 1175 3520 adeptum
1194 3415 1268 3501 est:
1295 3412 1404 3517 quod
1433 3420 1585 3525 inipso

483 3532 665 3612 videlicet
688 3533 933 3618 alimentum,
971 3547 1013 3604 ut
1037 3529 1079 3613 in
1100 3527 1317 3604 ventriculo
1341 3532 1379 3606 dc
1397 3529 1585 3613 intestinis

486 3641 630 3734 assolet,
652 3662 737 3720 non
755 3641 975 3717 invenitur:
1013 3637 1137 3738 postea
1157 3637 1312 3736 gracilia
1332 3661 1417 3738 quat
1441 3662 1584 3722 vocan-

485 3774 562 3846 tur,
597 3751 773 3830 intestina
800 3750 947 3851 prolixa
974 3748 1015 3822 in
1049 3745 1191 3824 multas
1213 3745 1326 3849 spiras
1359 3754 1582 3841 convoluta,

485 3863 673 3947 tredecim
702 3861 924 3972 cubitorum
945 3857 1236 3970 longitudinem
1254 3861 1438 3963 aequantia
1459 3861 1586 3945 collo·

1180 3995 1203 4052 2
1438 3989 1576 4059 (antiit
