3510 4830
446 182 508 309 vi
686 169 1317 306 DEDICATIO.¹

437 392 595 494 -veliis
620 385 809 484 interesse
828 381 943 485 nefas
969 386 1046 484 esse
1068 389 1358 484 existimarent
1385 437 1397 505 ·,
1430 387 1553 492 deinss

453 563 553 667 ceps
578 521 680 622 verb
708 521 810 621 clem
844 562 867 621 a
903 521 959 621 ud
982 533 1095 663 AEgy
1131 525 1250 623 tiosb
1277 527 1550 662 pollindturae

454 701 553 766 mos
588 665 832 775 invaluerit,
868 561 1043 789 sujusm
1107 672 1120 757 i
1154 658 1401 798 spectaculis
1429 700 1554 760 mem

456 835 515 898 tes
540 798 779 900 hominum
805 809 941 934 magis
969 792 1189 934 magisque
1214 795 1352 897 indies
1368 798 1555 898 assueve-

456 969 576 1050 runt,
616 954 660 1032 δι
689 933 785 1030 tbm
814 929 996 1027 demum
1031 905 1107 1028 sub
1133 933 1344 1064 Herophilo
1376 953 1421 1035 &
1448 948 1556 1033 Era.

443 1077 608 1208 fislrato
630 1080 678 1166 in
705 1068 1000 1165 ‘Alexandriae
1042 1064 1192 1166 scholis
1224 1106 1288 1166 ars
1314 1083 1558 1173 anatomica

454 1206 609 1308 renasci
641 1215 790 1342 coepit.
864 1216 1033 1309 Verum
1073 1202 1299 1305 enimverb
1333 1204 1560 1308 clarissrma

376 1446 385 1463 ,
456 1346 550 1447 haec
575 1341 750 1442 medicat
775 1351 874 1439 artis
907 1346 1075 1441 sumina
1100 1339 1216 1442 haud
1248 1341 1373 1440 citilts
1407 1343 1431 1444 ὲ
1468 1344 1560 1445 viti

459 1492 733 1621 emigrarant,
805 1474 924 1597 udm,
959 1517 1057 1619 quae
1092 1490 1139 1607 in
1164 1477 1366 1580 humanis
1401 1520 1589 1620 corpor

458 1621 577 1719 ribus
594 1615 687 1718 fieri
710 1615 793 1715 sole
824 1650 914 1732 ant,
949 1604 1118 1755 prorslts
1139 1624 1454 1758 negligerentur
1478 1617 1561 1716 dis-

460 1753 693 1875 sectiones,
732 1759 986 1854 &illorum
1021 1753 1263 1855 successores
1296 1768 1425 1876 (inter
1447 1794 1561 1897 quos

463 1891 619 2033 utpotd
642 1902 817 2129 ¹Primus
843 1888 1077 1992 censendus
1096 1895 1156 1991 est
1176 1894 1306 2031 Rufus
1333 1898 1491 2010 noster)
1513 1904 1562 1991 in

461 2031 599 2127 brutis
658 2028 922 2130 olummodb
968 2032 1225 2128 animalibus
1270 2065 1434 2128 naturae
1475 2039 1563 2127 vias

464 2160 759 2261 scrutarentur.
829 2155 896 2254 ld
918 2156 972 2256 ad
997 2163 1154 2257 Galeni
1181 2155 1314 2296 usque
1348 2192 1562 2300 tempora,

463 2309 544 2438 qui
582 2294 788 2395 subsecuti
830 2292 943 2409 sunt,
986 2291 1159 2410 medici,
1203 2305 1562 2435 comparativam,

464 2473 601 2575 quam
641 2432 809 2549 dicunt,
842 2442 1110 2532 anatomiam
1151 2470 1442 2536 exercuerunt.
1513 2449 1565 2537 sn

463 2611 561 2712 quo
578 2576 818 2671 Anatomes
836 2610 990 2708 genere
1010 2589 1054 2670 δι
1080 2575 1272 2666 Galenus
1282 2567 1376 2805 ,lpse
1398 2573 1568 2711 potissi·

464 2707 595 2808 mltm
613 2701 821 2801 desudasse
842 2736 973 2836 atque
997 2702 1219 2796 elaborasse
1237 2715 1281 2801 vi
1312 2740 1428 2828 etur,
1463 2713 1570 2811 bru..

468 2876 618 2941 torum
657 2847 778 2935 enim
812 2831 977 2971 saepibs,
1023 2832 1216 2933 hominis
1261 2838 1392 2938 raribs
1428 2881 1566 2981 partes

466 2971 696 3114 descripsit.
767 2972 941 3072 Nullibi
978 2968 1096 3086 verb,
1136 3007 1183 3070 ut
1218 3005 1266 3073 tu
1294 2979 1463 3116 optimd
1491 2984 1568 3083 ad-

469 3126 613 3232 vertis,
647 3123 845 3239 majores,
883 3149 1019 3253 quam
1046 3106 1120 3207 sub
1143 3116 1392 3242 nostrorum
1424 3118 1570 3219 stomi-

469 3290 583 3350 num
600 3248 811 3487 εηίῖρίάὶε,
846 3288 908 3348 ars
954 3259 1196 3348 anatomica
1242 3249 1341 3350 fecit
1374 3257 1568 3422 progres-

469 3385 558 3508 sus,
588 3406 633 3487 δι
673 3427 687 3487 1
711 3427 762 3486 ex
788 3384 983 3528 praesenti
999 3388 1257 3488 nostratium
1282 3389 1491 3494 industria
1506 3431 1567 3496 at-

512 3635 524 3670 ⁵
545 3633 593 3734 be
609 3633 702 3697 Clcrk
720 3635 795 3733 Hsst·
809 3635 847 3698 de
863 3639 892 3700 la
909 3635 1068 3734 medicine,
1086 3634 1157 3699 Part
1174 3656 1202 3720 3.
1219 3635 1288 3702 Ltv.
1309 3658 1335 3725 3.
1355 3641 1429 3726 Cap.
1442 3664 1469 3724 ς.

463 3810 468 3817 ἡ
513 3726 524 3754 ·
546 3720 618 3785 (ras.
632 3717 835 3787 :sdrmnrstrut-
857 3719 1006 3785 nuatum.
1024 3721 1073 3784 srb.
1090 3718 1166 3802 Cap.
1186 3739 1213 3801 5.

1485 3847 1571 3948 que
