3510 4830
462 272 541 375 De
568 267 911 374 Medicamentis
932 270 1237 415 purgantibus.
1362 313 1420 410 15

317 453 553 539 lancholiam
575 455 704 547 trahit,
732 450 910 559 fiptaeter
928 459 1094 542 modum
1114 463 1276 543 dederis.
1317 468 1424 574 Qua·

316 567 450 648 tesola
467 586 508 645 ut
521 568 769 645 mediocriter
786 587 937 672 purget,
963 573 1091 670 cyathi
1112 572 1322 652 dimidium
1347 578 1425 656 sus·

315 678 430 757 ficiet:
450 666 665 756 admodum
677 678 786 754 enim
798 675 998 758 stomacho
1018 681 1069 759 est
1082 683 1240 785 ingrata.
1270 685 1426 766 Radicis

314 781 410 867 verb
423 787 556 863 danda
573 782 763 861 drachma
774 783 920 885 septem
932 791 974 863 in
987 791 1127 881 mulso,
1146 787 1312 882 lienosis,
1324 819 1421 893 quo-

312 896 462 976 tidiana
492 897 530 972 ὃ(
551 911 737 993 quartana
756 890 864 971 febre
883 893 1159 991 laborantibus,
1194 899 1424 983 anhelatori

312 1012 397 1097 bus,
418 996 661 1084 tullientibus
682 1005 722 1079 ἀ
748 1003 893 1081 colicis.

373 1111 634 1212 Colocynthis
671 1113 852 1214 pituitam
873 1131 1021 1216 purgat,
1060 1117 1237 1196 &bilem
1260 1140 1422 1199 meram.

312 1229 402 1325 Ejus
422 1225 543 1327 pulpae
559 1220 685 1298 danda
708 1219 759 1299 est
775 1221 958 1301 drachma
980 1248 1058 1302 una
1075 1226 1279 1306 inmulso:
1299 1225 1425 1330 liquis

312 1357 446 1416 tamen
466 1335 597 1413 mitius
621 1354 782 1434 purgare
799 1332 920 1425 volet,
947 1330 1079 1414 semen
1102 1338 1337 1434 ejiciendum
1361 1339 1425 1432 est,

313 1443 485 1528 &affuso
509 1447 607 1522 vino
628 1441 734 1520 dulci
754 1445 855 1519 intra
877 1448 1079 1535 corticem,
1113 1448 1224 1524 lento
1245 1451 1335 1546 igne
1355 1472 1423 1526 co·

311 1554 529 1661 quendum,
553 1547 755 1652 quousque
779 1547 878 1629 teile
903 1552 1129 1642 incaluerit3
1151 1574 1238 1631 tum
1258 1555 1319 1632 his
1337 1579 1424 1659 pro·

312 1661 529 1771 pinandum
563 1656 761 1750 offeratur,
788 1682 889 1761 quos
919 1684 1003 1740 non
1025 1683 1206 1765 potenter
1228 1666 1426 1743 exinanire

312 1775 536 1862 conveniat,
561 1775 601 1850 ἃ
622 1793 792 1870 quorum
823 1789 955 1849 cutem
981 1773 1107 1852 livida
1126 1776 1273 1878 papule
1291 1775 1424 1853 defor-

187 1959 196 1965 .
311 1881 468 1965 mirint.
523 1881 570 1959 ln
589 1899 718 1959 totum
740 1873 835 1959 verb
865 1882 1110 1982 colocynthis
1131 1884 1282 1989 prodest
1305 1884 1425 1987 suspi-

312 1992 433 2083 riosis,
453 1993 619 2068 laterum
645 1989 862 2078 doloribus,
881 1993 1100 2069 inveteratis
1123 1996 1257 2094 capitis
1281 1998 1424 2070 crucia

311 2104 430 2193 tibus,
456 2093 695 2198 singultibus,
728 2100 767 2174 &
795 2093 968 2175 adversus
988 2099 1167 2177 obtusam
1187 2103 1312 2178 aciem
1332 2122 1423 2180 ocu

309 2215 454 2292 lorum.
512 2202 590 2284 Etst
614 2208 721 2282 enim
752 2204 899 2310 oppido
924 2201 1041 2308 quim
1068 2231 1196 2287 atnara
1220 2207 1272 2285 est
1298 2209 1425 2288 medi·

312 2327 413 2413 eina,
453 2340 585 2398 tamen
619 2318 662 2393 in
688 2315 881 2418 posterum
903 2309 1035 2413 efficit,
1078 2337 1121 2398 ut
1159 2320 1239 2397 illis
1266 2311 1311 2395 stt
1335 2322 1423 2401 usus

311 2435 388 2514 eibi
412 2432 568 2531 gratior.

367 2539 586 2632 Calcisraga
614 2537 767 2629 aquosa,
791 2539 988 2634 pituitosa,
1025 2540 1241 2641 biliosaque
1264 2560 1422 2620 vacuat:

314 2648 508 2730 drachmis
530 2640 674 2717 duabus
700 2641 743 2713 in
761 2643 888 2716 mulso
906 2663 1002 2740 pota
1018 2641 1169 2718 sufficit.

365 2973 555 3077 Peplos&
576 2970 696 3073 peplis
728 2966 946 3070 gentilitate
974 2971 1012 3046 ὅ(
1036 2965 1164 3069 figurat
1186 2971 1423 3070 cognatione

310 3091 504 3194 proxima,
522 3086 565 3158 in
590 3079 791 3181 purgando
809 3081 1000 3178 pituitam,
1023 3083 1060 3156 ἃ
1080 3080 1200 3156 bilem
1219 3083 1424 3161 extrahunt

311 3221 403 3276 eum
419 3193 570 3271 flatibus
585 3210 658 3291 pro
676 3191 788 3289 eopia
811 3214 820 3263 :
849 3184 989 3269 liceatae
1011 3191 1129 3267 etiam
1147 3185 1316 3289 benigne
1337 3213 1425 3292 pur·

341 3324 419 3384 ant.

314 3332 473 3491 gAloe
498 3408 673 3488 celeriter
700 3421 849 3508 purgat,
884 3423 960 3481 nec
991 3395 1087 3481 verb
1119 3423 1161 3483 ut
1192 3402 1425 3489 absinthium

312 3516 519 3627 gracillima
544 3518 594 3596 est
628 3513 848 3594 llontacho:
897 3515 979 3611 ejus
1004 3511 1089 3591 dua
1113 3512 1301 3599 drachma
1332 3546 1425 3600 cum

313 3630 444 3712 mulso
474 3650 573 3732 pote
594 3619 811 3705 sufficiunt:
837 3625 1018 3725 pituitam
1051 3622 1089 3704 &
1117 3626 1239 3707 bilem
1257 3630 1425 3708 attrahit.

312 3743 470 3820 llonum
496 3734 745 3815 constmiliter
762 3729 940 3835 quotidii
960 3756 1046 3812 eam
1070 3736 1252 3814 assumere
1275 3735 1425 3838 iptan

312 3853 402 3947 dio,
419 3851 603 3931 humores
616 3841 798 3948 siquidem
809 3862 980 3950 permeat
992 3848 1030 3926 δι
1048 3842 1240 3941 subducit,
1262 3848 1428 4027 ¹¹⁶3&ss

1338 3973 1401 4051 ige
1424 3993 1439 4006 ·
