3510 4830
318 247 383 343 37
645 216 833 315 Runm
865 215 1107 311 Enunsn

313 396 386 479 lem
396 394 520 477 dicere
540 391 676 506 atlstm:
703 419 741 479 at
771 403 960 505 quoniam
989 397 1223 502 Herophilus
1241 391 1326 477 Eam
1352 400 1443 492 reti,

314 509 516 587 contnuo
551 505 740 604 affimilat,
770 513 1012 592 nonnulli&
1040 511 1310 590 reticularem:
1344 514 1424 609 alii,

316 618 364 696 ab
378 620 530 700 incluso
558 616 737 713 humore,
770 627 839 724 qui
883 623 974 699 vitri
990 622 1088 718 gerit
1112 617 1421 719 similitudinem,

270 732 276 741 '
315 727 519 827 hyaloidea
544 736 809 812 nominarunt.
867 738 1014 840 Quarta
1045 731 1311 810 membranula
1336 753 1421 834 gut·

315 857 399 914 tam
425 841 620 938 quandam
642 840 818 921 humoris
833 835 1098 941 eryllalloidea
1117 841 1353 916 nominatim
1365 844 1425 918 in·'

314 946 439 1025 cludit
452 976 460 1026 :
473 950 551 1029 haec
567 954 778 1050 antiquitus
797 953 961 1028 nomine
974 953 1109 1040 caruit,
1134 945 1330 1052 lpolletis
1341 952 1423 1028 len·

315 1057 486 1136 ticularis
499 1059 556 1137 ob
575 1059 750 1162 figuram,
785 1054 1042 1160 crystalloides
1063 1059 1111 1136 ab
1134 1077 1326 1138 contento
1351 1059 1424 1161 hu·¹

315 1187 430 1242 more
447 1173 724 1270 cognominata
737 1168 799 1246 est.

373 1276 545 1356 Primam
566 1279 660 1358 colli
682 1278 899 1358 vertebram
925 1278 1085 1357 dentem
1113 1279 1301 1381 appellare
1325 1280 1425 1361 mihi

315 1382 468 1470 videtur
492 1388 754 1492 Hippocrates.
813 1388 892 1465 Sub
921 1386 1085 1467 tonsillis
1114 1382 1321 1466 ossiculum
1337 1411 1427 1492 gut·

317 1497 414 1577 turis
430 1514 544 1599 caput
569 1500 775 1576 continens
789 1496 947 1598 quidam
965 1493 987 1577 l
1007 1497 1125 1599 figura
1141 1492 1342 1598 ypsiloides
1361 1523 1424 1602 ap·

316 1609 572 1714 pellaverunt,
603 1609 711 1708 quod
729 1604 859 1709 Ypfilo
877 1630 1000 1709 graeco
1020 1609 1220 1685 elemento
1236 1601 1280 1683 fit
1309 1603 1425 1706 perli-

320 1717 428 1795 mile.
487 1714 682 1793 Caetetum
705 1715 951 1818 Herophilus,
977 1718 1168 1816 quoniam
1187 1710 1349 1792 tonsillis
1373 1717 1426 1794 as·

318 1823 449 1917 fideat,
488 1821 698 1902 assessorem
722 1843 848 1903 vocat.
908 1824 1090 1901 Secundae
1123 1825 1306 1902 vertebrae
1334 1848 1425 1927 pro.

320 1933 438 2016 cefl'us
469 1928 628 2026 sursum,
656 1956 699 2011 ac
719 1933 896 2038 prorsum
907 1934 1034 2011 versus
1055 1933 1224 2036 spellam
1247 1937 1425 2034 pyrenoi-

320 2048 389 2129 des
403 2038 452 2122 ab
468 2037 584 2124 olioae
594 2038 717 2124 nuclei
725 2038 979 2153 stmilitudine
992 2038 1118 2122 dicius
1127 2037 1190 2145 est.
1228 2040 1305 2118 Iter
1316 2044 1427 2139 illud,

319 2178 390 2256 pce
414 2152 519 2255 quod
540 2156 618 2232 cibi
642 2149 898 2256 potionesque
923 2157 964 2229 in
983 2153 1247 2229 ventticulum
1268 2151 1424 2233 descen-

319 2264 433 2354 dunt,
448 2254 577 2366 greci
597 2259 826 2355 stomachus,
863 2266 902 2338 δε
921 2259 1164 2372 oesophagus‚
1190 2255 1312 2338 latin&
1328 2258 1428 2390 gula

319 2364 383 2473 est.
440 2369 564 2446 Nervi
579 2369 627 2453 ab
645 2389 812 2468 utroque
831 2372 912 2465 ejus
930 2372 1061 2460 latere,
1080 2371 1192 2444 toni:
1215 2385 1428 2473 exteraque

323 2477 503 2567 sensoria,
527 2496 640 2583 atque
655 2477 792 2563 fibrosa
807 2479 950 2591 paritet
962 2479 1050 2553 toni
1071 2476 1266 2571 dicuntur,
1285 2491 1428 2560 tenores

319 2586 364 2667 in
381 2580 546 2664 tatinum
558 2598 708 2663 vertere
737 2581 867 2660 liceat.
894 2585 1048 2684 Asperae
1068 2584 1210 2660 atteriae
1233 2580 1430 2668 summum

322 2712 457 2802 guttur
476 2691 554 2809 est:
582 2693 689 2777 anuli
715 2691 762 2768 ad
788 2695 868 2787 ejus
886 2693 1044 2792 plexum
1069 2693 1198 2776 creati,
1229 2688 1430 2793 bronchia,

324 2824 510 2890 cavom,
533 2806 571 2878 δι
591 2819 706 2886 aortae
727 2800 994 2876 nominantur.

323 2920 334 2971 l
383 2909 538 2988 Calotis
558 2909 669 2998 vitae,
696 2900 996 3006 arterian'unque
1028 2928 1160 2987 motus
1182 2912 1339 2991 initium
1360 2939 1429 2997 cot

328 3017 392 3102 est.
419 3018 510 3111 Ejus
528 3014 678 3099 smnma
692 3038 776 3127 pars
802 3033 916 3118 caput
932 3015 1083 3106 dicitur,
1112 3016 1297 3098 infima&
1320 3045 1430 3105 acute

328 3128 511 3210 tondum.
539 3127 734 3207 Cavitates
760 3127 975 3218 ventriculi,
1001 3119 1157 3205 craffior
1179 3133 1218 3206 &
1238 3131 1350 3214 laevus
1370 3156 1429 3212 ar-

330 3235 493 3314 tetiosus
514 3235 579 3329 est,
603 3238 760 3319 tenuior
781 3241 820 3314 ὁ(
838 3235 969 3312 dexter
990 3235 1166 3330 venosus,
1190 3237 1287 3319 laevo
1321 3263 1428 3344 capa-

331 3348 440 3431 cior:
472 3344 521 3423 ab
538 3366 704 3446 utroque
724 3365 856 3423 autem
876 3348 1008 3449 capitis
1025 3348 1143 3425 latere
1167 3368 1239 3426 ceu
1266 3349 1331 3428 alae
1342 3373 1429 3453 pto

332 3454 539 3546 minentes‚
559 3477 670 3546 cavae,
706 3454 858 3545 molles,
883 3455 981 3532 &ad
998 3460 1116 3532 totius
1131 3457 1257 3536 cordis
1271 3478 1428 3541 motum

333 3562 544 3665 agitabiles,
572 3564 699 3643 cordis
716 3563 999 3642 auriculaesunt.
1057 3565 1143 3643 Cot
1165 3569 1427 3675 circumplexo

334 3675 567 3757 membrano
599 3671 829 3779 pericatdios
852 3696 1001 3752 nomen
1033 3674 1201 3755 inditum
1238 3678 1301 3756 est.
1368 3683 1426 3760 Ex

309 3783 567 3887 ‘membranis
593 3784 767 3892 petiolis,
799 3804 882 3883 quae
900 3782 1026 3889 ipsum
1058 3787 1102 3867 in
1126 3784 1217 3868 duas
1238 3787 1429 3868 diducunt

510 3922 534 3989 ι
1288 3913 1431 4002 partes,
