3510 4830
792 243 973 388 (1¹)

333 431 466 521 morbi
489 433 620 516 calore
637 429 724 542 plur
744 430 842 532 iusto
876 449 1120 517 attenuatum
1145 430 1351 542 impensius
1377 423 1445 517 adl

329 548 409 629 huc
436 545 626 641 rarefacit,
644 540 814 649 ideoque
833 546 938 626 diem
969 545 1142 640 fatalem,
1177 571 1297 650 quam
1311 545 1440 631 differ·

331 681 374 737 re
386 658 529 752 voluit,
554 657 753 737 accelerat.
809 658 1025 739 Fatendum
1038 652 1150 751 verb,
1178 662 1221 738 in
1237 660 1315 740 hoc
1337 682 1442 749 mot·

328 770 383 849 bo
411 762 495 846 tim
521 770 782 871 multiplicem
802 791 933 848 rtrum
957 768 1030 847 elle
1044 762 1361 863 vieiffitudinem,
1394 789 1440 851 ιιι

327 869 680 980 experientiffimos
709 876 886 957 medicos
927 875 1190 982 sepenumero
1229 882 1442 982 implicitos

328 1006 476 1080 teneat,
497 982 574 1089 qui
596 991 640 1066 in
664 986 867 1067 medendo
895 983 956 1067 vii
978 983 1152 1070 maxime
1180 984 1345 1068 insistere
1375 993 1443 1091 de·¹

329 1099 473 1187 beant5
518 1092 617 1179 adeo
656 1121 741 1178 non
780 1102 946 1205 impares
978 1100 1069 1180 sunt
1105 1097 1199 1179 huic
1233 1101 1444 1202 provincia

325 1210 561 1290 nutrices&
593 1210 842 1304 muliercula,
887 1234 1051 1312 quatum
1088 1229 1270 1299 curatura
1295 1211 1438 1313 absque

327 1315 402 1399 uta
423 1342 500 1424 ope
540 1313 786 1426 Amplilltmi
825 1319 988 1401 Ordinis
1035 1320 1124 1401 Viri
1152 1343 1293 1426 pueros
1345 1323 1436 1403 suos

323 1425 612 1530 nonuunqudm
649 1433 931 1522 committunt,
968 1456 1016 1511 ex
1044 1428 1138 1512 fust
1168 1430 1314 1511 scilieet
1345 1436 1436 1537 opi·¹

323 1544 476 1631 trione,
506 1539 652 1619 medici
676 1542 780 1621 vices
805 1536 827 1622 l
852 1537 991 1620 naturi
1020 1541 1186 1646 suppleri
1209 1540 1324 1646 posse.

375 1761 420 1839 N
421 1785 467 1839 ec
483 1764 615 1841 minus
632 1764 677 1841 in
704 1764 852 1842 morbis
870 1762 992 1841 acutis
1011 1754 1129 1862 quim
1148 1759 1338 1844 diuturnis
1352 1759 1433 1845 hec

320 1871 476 1979 prodest
493 1872 704 1964 medicina,
728 1890 920 1976 quantum
940 1872 988 1951 ad
1014 1872 1173 1952 dolores
1208 1871 1306 1953 fixos
1326 1897 1435 1953 amo-

322 1982 473 2060 vendos
492 1985 631 2070 valeat,
657 1985 810 2059 nemini
839 2006 923 2058 non
937 2000 1078 2059 notum
1097 1981 1162 2069 est,
1185 1983 1228 2058 in
1256 1976 1434 2083 Ischiade

173 2202 175 2206 Ι
320 2088 542 2194 prasertim,
587 2087 688 2166 nihil
730 2089 916 2189 estquod
951 2089 1000 2164 ad
1027 2089 1234 2178 humores,
1285 2093 1355 2190 qui
1388 2093 1433 2173 iu

321 2193 549 2285 densitatem
586 2215 756 2291 coeunt,
791 2193 1019 2302 parte'mque
1055 2200 1193 2275 acriter
1238 2196 1433 2281 divellunt

319 2310 527 2389 solvendos
559 2308 646 2410 plus
666 2307 856 2403 conferat,
897 2304 1015 2410 quim
1055 2324 1212 2387 externa
1240 2309 1431 2396 canthari,-

318 2420 415 2499 dum
435 2421 657 2526 applicatio,
683 2420 838 2523 quibus,
875 2413 982 2523 fiper
999 2421 1203 2525 purgantia
1225 2418 1369 2503 idonea
1391 2424 1432 2503 ὅτ

318 2531 509 2610 diluentia
524 2529 811 2610 medicamenta
823 2531 965 2609 eodem
976 2550 1155 2632 tempore
1172 2531 1429 2634 opitulemur,

316 2643 385 2720 vix
406 2641 485 2716 ulla
515 2631 829 2727 est,diutitl1ma
860 2640 967 2725 licet,
1005 2638 1229 2730 hujusmodi
1252 2642 1430 2738 quarela,

317 2773 402 2850 qua
427 2749 500 2827 hac
529 2746 716 2825 medendi
748 2748 812 2825 via
841 2742 943 2823 haud
968 2744 1142 2823 tollatur.
1197 2744 1288 2824 Nec
1326 2747 1430 2834 fixos

315 2853 441 2938 modo
474 2857 539 2936 sed
571 2860 690 2936 etiam
723 2858 908 2936 erraticos
935 2853 1093 2934 dolores
1113 2855 1307 2959 extirpant
1335 2854 1427 2940 vest·

313 2973 451 3054 cantia,
481 2968 595 3064 buius
616 2971 659 3044 in
691 2965 891 3044 arthritide
920 2959 1104 3069 pleraque
1135 2964 1322 3047 habemus
1358 2994 1423 3049 ex-

313 3082 456 3184 empla,
496 3080 653 3183 quoties
692 3076 863 3169 scilicet,
894 3100 979 3180 quae
1009 3078 1057 3154 ad
1082 3094 1256 3154 extrema
1285 3103 1423 3183 corpo,-

311 3194 362 3267 ris
380 3190 547 3268 defluere
566 3185 726 3278 solebat,
755 3187 803 3265 ad
819 3186 1061 3267 stomachum
1078 3191 1117 3264 &
1143 3187 1345 3266 cerebrum
1363 3212 1422 3269 re·

314 3301 399 3378 lluit
428 3301 600 3391 materia,
644 3296 713 3375 ubi
739 3298 895 3375 ultimas
934 3299 1077 3372 excitat
1105 3297 1324 3396 tragoedias,
1351 3293 1422 3380 nist

316 3413 428 3488 citius
446 3403 469 3492 i
484 3402 736 3488 vestcantibus
757 3431 858 3511 aegto
881 3406 1139 3486 subveniatur.

366 3629 543 3707 Tandem
571 3630 616 3706 iis
642 3651 717 3733 pra
751 3632 896 3709 cureris
930 3626 1076 3707 morbis
1097 3621 1303 3708 vcficantia
1329 3651 1419 3734 pro·

311 3739 471 3833 luerint,
504 3741 571 3839 qui
594 3736 657 3816 vel
682 3737 703 3818 i
726 3739 905 3831 vasorum
925 3740 1158 3842 repletione,
1183 3739 1253 3817 seu
1281 3735 1303 3818 i
1330 3764 1416 3819 uer·

307 3873 448 3958 xvorum
468 3849 736 3930 imbecillitate
777 3869 843 3934 aut
868 3851 1110 3951 oppilatione
1145 3844 1416 4034 suboriuntur,s

892 3982 948 4038 az
1302 3975 1421 4051 cupu-
