3510 4830
474 258 553 360 De
571 254 784 358 Partibus
819 257 1038 360 Hominis.
1238 301 1305 389 40

195 434 313 526 sibus,
342 432 548 514 constituta
576 432 677 526 sunt,
717 436 1065 539 contemplandum
1101 433 1164 512 est.
1223 439 1306 515 Foe-

195 548 320 624 minas
342 541 519 624 varicoso
546 547 775 625 affeiioribus
797 571 923 625 carcre
941 545 1175 650 Herophilus
1193 544 1309 650 plan&

193 657 408 734 existimat:
438 680 513 734 nos
526 651 619 736 verb
634 661 675 734 in
701 660 857 760 pecudis
874 678 987 736 utero
1006 653 1198 738 &testibus
1217 683 1304 737 ena-

189 785 228 846 ta
247 768 412 853 vaseula,
439 787 555 863 atque
591 769 773 865 utrinque
814 771 950 844 varicis
992 768 1103 845 instar
1130 773 1305 849 revoluta

189 874 483 976 conspeximus:
509 871 591 950 hnc
608 886 740 953 autem
763 879 806 953 iu
828 881 927 952 uteri
951 897 1090 954 cavum
1115 879 1306 977 perforata

189 985 405 1065 subibant:
437 976 459 1060 ὲ
488 980 629 1084 quibus
662 985 843 1065 mucosus
876 986 1037 1088 quidam
1072 987 1229 1079 humor,
1263 985 1305 1066 ss·

188 1099 277 1196 quis
312 1098 552 1198 exprimeret,
585 1099 802 1192 emanabat,
831 1090 1048 1200 magnique
1090 1119 1170 1176 erat
1211 1100 1306 1201 spes,

187 1205 259 1284 hos
275 1204 500 1284 seminarios
519 1204 591 1283 effe
620 1211 782 1300 canales,
822 1213 862 1287 δι
885 1233 1025 1286 eorum
1045 1212 1209 1310 generis,
1234 1212 1325 1310 qui

184 1311 341 1395 varicofi
355 1337 652 1422 nuncupantur:
675 1320 715 1396 id
740 1339 871 1398 autem
887 1339 930 1397 ut
943 1320 1145 1415 schabest,
1172 1320 1305 1400 diffec-

111 1500 113 1504 ,
186 1429 316 1506 tiones
330 1428 503 1505 seorsum
528 1429 793 1508 declarabunt.

242 1645 347 1723 Intra
362 1647 519 1725 lumbos
531 1645 696 1726 musculi
710 1645 809 1748 psoae
826 1646 959 1727 Graeco
972 1642 1155 1730 vacabulo
1170 1651 1302 1727 nomi.-

187 1775 352 1841 nantur:
381 1760 451 1858 qui
469 1759 543 1834 soli
570 1762 688 1836 etiam
707 1761 751 1834 in
766 1760 882 1838 dorso
899 1761 1043 1838 lumbis
1054 1763 1183 1864 agnati
1199 1758 1296 1838 sunt.

186 1865 277 1945 Istos
289 1869 410 1968 aliqui
424 1869 587 1948 uterales
600 1893 754 1959 nervos,
767 1873 831 1946 alii
844 1874 977 1974 vulpes
992 1874 1301 1973 cognominant:

184 1986 300 2075 atque
316 1980 359 2052 in
378 1980 481 2055 libro
495 1979 729 2055 Cnidiarum
741 1979 1019 2056 sententiarum
1033 2004 1183 2057 nomen
1209 1979 1306 2057 istud

185 2082 459 2186 scriptumest.
517 2085 557 2162 Si
582 2104 723 2164 renum
748 2105 879 2164 autem
903 2090 1063 2165 morbus
1087 2104 1211 2176 vexat,
1230 2110 1300 2165 no·

185 2195 303 2274 taehae
317 2195 419 2287 sunt,
442 2191 469 2273 u
492 2197 639 2275 lotium
665 2193 1172 2304 craffumpurulonu'rmque
1187 2194 1245 2289 stt,
1271 2193 1307 2276 fi·

187 2305 304 2385 dolor
336 2308 506 2399 lumbos,
537 2309 617 2399 ilia,
656 2309 831 2410 inguina,
859 2309 916 2389 sm
930 2304 1060 2412 e'nque
1102 2324 1299 2412 torqueat,

80 2463 93 2487 2
184 2409 272 2493 tum
298 2413 444 2498 verb&
462 2415 855 2522 vulpesuaiehabet.
910 2418 1034 2501 Unde
1045 2426 1123 2513 jam
1136 2419 1297 2511 constat,

181 2529 321 2624 quanti
341 2527 406 2601 ista
423 2527 517 2598 seire
538 2527 713 2604 intersit:
740 2529 823 2623 ‘quo
839 2557 894 2619 ea,
922 2557 1006 2628 quar
1029 2529 1080 2610 sac
1100 2533 1304 2633 cognomi·

183 2645 342 2723 uantur,
383 2626 577 2730 agnoscas.
646 2627 895 2704 Clitharchus
945 2637 1152 2706 exteriores
1198 2632 1299 2711 dorsa

184 2742 383 2820 musculos
409 2737 532 2840 psoas,
552 2738 723 2818 morales
736 2760 890 2832 nervos,
917 2740 1113 2844 aevuipes
1127 2741 1297 2847 appella.

185 2856 221 2929 ri
241 2848 342 2930 -fasso
359 2852 553 2954 opinatur.

182 3128 185 3133 >
239 3073 423 3151 Genitale
442 3082 573 3151 aurem
590 3073 764 3152 mulieris
784 3070 1007 3149 membrum
1019 3065 1154 3148 Graecb
1167 3088 1291 3152 metra

180 3191 223 3266 be
237 3184 397 3282 hybera,
431 3177 584 3261 Latin>
603 3193 737 3262 merus
757 3176 958 3290 vubva'qtse
969 3193 1144 3258 meatur.
1199 3180 1294 3281 Hip·

179 3295 423 3402 poetatur&
440 3289 623 3394 delphum
637 3296 680 3370 δι
702 3293 924 3394 genituram
943 3291 1049 3368 dicit.
1099 3291 1197 3385 Eius
1213 3290 1292 3371 sur*-

182 3401 417 3484 ruoverias
436 3405 620 3508 utrinque
649 3398 841 3506 proceffus
861 3402 1073 3480 cornua&
1094 3401 1183 3479 eiiri
1202 3401 1291 3483 sunt

183 3513 308 3618 ipsam
322 3518 490 3596 exterius
511 3509 733 3594 sustinentia
758 3513 870 3592 vau:
897 3512 1073 3591 medium
1093 3529 1210 3615 atque
1234 3514 1291 3593 su-

112 3644 115 3651 ·
183 3633 366 3730 promum
383 3624 557 3707 fundum
578 3625 630 3704 est
650 3656 660 3704 ε
688 3649 773 3728 quat
791 3628 973 3728 utrinque
993 3625 1096 3717 suut,
1110 3621 1293 3702 humeri:

180 3741 268 3833 eius
307 3740 526 3815 extremitas
553 3742 704 3832 eea-six,
752 3745 868 3839 atque
892 3737 1080 3816 collum:
1121 3732 1217 3809 colli
1247 3744 1296 3812 os

179 3851 334 3954 orimus
354 3864 550 3929 moetus:
581 3848 842 3956 bimestres
856 3840 1001 3931 uraca
1014 3835 1294 4025 amphidionou
1360 3899 1362 3905 ι
