3510 4830
482 281 559 380 De
578 279 789 379 Partibus
814 269 1033 382 Hominis.
1248 323 1317 406 ·5o

197 455 425 564 ¹pulionem,
446 483 563 540 uvam
585 465 650 541 alii
682 465 929 545 vocitarunt:
955 461 1022 567 ipsi
1046 460 1243 559 subjicitur
1260 469 1318 544 ar:

205 576 309 651 teria
325 574 459 676 asperae
485 595 610 678 caput.
1306 564 1317 572 ’

257 685 414 762 Deinde
435 684 583 764 collum
611 690 650 764 dc
678 685 768 763 dera
803 681 948 777 Greci,
971 689 1079 782 cujus
1105 689 1211 789 prior
1229 709 1312 788 pars

198 794 414 885 -bronchus,
458 795 650 898 &aspera
682 798 843 871 arteria:
874 802 972 872 circa
1015 797 1189 874 medium
1223 822 1310 900 pro

194 905 396 980 -minentia
414 923 547 1005 guttur
565 935 573 982 :
598 904 830 1006 aversapars,
845 908 971 982 cervix
994 909 1032 984 &
1058 909 1309 1007 occipitium:

200 1034 325 1116 prope
342 1018 471 1118 jugula
488 1038 627 1094 cavum
659 1014 913 1095 anticardium
931 1021 969 1094 dc
995 1016 1187 1119 jugulatio
1211 1037 1309 1096 nun

193 1143 370 1226 cupatur.

251 1234 293 1310 A
323 1237 500 1316 teudone
520 1258 653 1317 autern
682 1238 729 1314 ad
758 1235 941 1316 humeros
958 1241 1194 1341 pertinentia
1220 1259 1309 1340 epo

194 1344 322 1422 mides
338 1353 605 1428 nominantur.
662 1350 827 1427 Homeri
842 1353 966 1452 capita
983 1349 1071 1432 sunt
1086 1371 1225 1427 eorum
1248 1349 1307 1428 oi

192 1449 307 1546 sium,
325 1453 457 1556 quaeai
480 1459 632 1537 Graecis
654 1454 921 1547 brachiona,d
943 1457 1079 1560 ntrslrr‘s
1096 1461 1215 1536 etiam
1234 1452 1306 1536 hu·

192 1565 291 1642 meri
312 1587 514 1645 vocantur.
572 1567 757 1670 Scoptula
782 1585 918 1669 operta
940 1563 1014 1643 live
1035 1569 1113 1644 lata
1138 1566 1304 1667 scapula·

193 1698 284 1752 rum
310 1677 386 1755 offa
423 1697 534 1780 tergo
565 1673 747 1780 imposita·
779 1679 855 1755 lata
888 1680 964 1755 olla
993 1676 1103 1754 sunt:
1136 1699 1306 1776 quorum

191 1787 324 1864 media
349 1790 564 1866 eminentia
582 1789 689 1892 spina
703 1787 779 1878 est:
814 1790 1038 1889 iugulorum
1058 1782 1307 1888 latorimque

189 1899 431 1999 scapularum
455 1895 598 1978 ollium
620 1901 770 2003 copulae
793 1904 963 1978 acromia
983 1901 1190 1979 dicuntur:
1209 1924 1302 1977 con·

191 2011 365 2084 tinentor
386 2011 513 2086 claves
538 2010 689 2097 adsunt,
708 2009 773 2083 seu
787 2012 925 2108 iugula.
984 2009 1062 2084 Ala
1086 2009 1136 2084 est
1150 2010 1218 2083 sub
1234 2008 1303 2111 ltu-
1325 2055 1328 2061 ·

189 2122 309 2194 meris
337 2141 488 2213 cavum,
511 2122 552 2197 in
580 2117 688 2219 quod
707 2117 929 2218 frequenter
950 2116 1132 2195 humerus
1152 2107 1305 2194 luxatus'

191 2228 421 2308 delabitur:
453 2231 597 2309 deinde
641 2230 824 2307 humerus
863 2229 926 2322 est,
957 2230 1037 2337 qui.
1059 2229 1245 2307 brachion
1277 2220 1304 2307 ὶ

192 2336 342 2419 Graecis
364 2361 547 2421 vocatur:
574 2342 726 2420 articuli
746 2342 921 2441 angulus,
955 2367 1036 2442 quo
1061 2344 1224 2420 nitimur
1241 2341 1299 2417 in·.

187 2450 337 2543 clinati,
364 2475 493 2530 ancon
518 2452 582 2544 est,
608 2450 684 2533 sive
705 2452 936 2546 olectan0n‚
963 2445 1115 2532 Latini
1136 2444 1299 2529 cubitus.

185 2560 313 2664 Quod
342 2554 527 2653 sequitur,
550 2564 658 2642 ulna,
690 2561 766 2628 live
804 2566 967 2631 lacertus
1001 2560 1076 2633 sive
1098 2561 1300 2637 brachium

186 2667 250 2758 cst,
272 2665 384 2766 quod
402 2662 583 2740 brachiali
595 2664 847 2740 terminatur:
871 2660 1003 2764 postea
1029 2662 1177 2763 palmae,
1191 2665 1299 2739 dein·

187 2777 237 2852 de
263 2796 399 2852 manus
424 2774 566 2876 pedus,
612 2777 679 2849 alii
712 2771 1012 2874 hypothenaron
1044 2790 1199 2859 vocant,
1227 2771 1298 2850 sub

186 2885 331 2989 pollice
359 2884 433 2962 cll:
461 2885 589 2987 postea
609 2885 660 2962 cst
684 2905 819 2960 manus
840 2887 994 2972 cavitas,
1018 2909 1100 2983 quae
1119 2883 1209 2958 vola
1225 2906 1297 2961 no·

185 3002 368 3075 minatur.
424 2999 480 3072 Ex
506 2998 636 3098 digitis
656 3019 755 3072 unus
786 2996 833 3071 ab
854 2996 938 3072 aliis
962 2994 1099 3072 distans
1119 3019 1295 3094 magnus,

184 3105 392 3211 pollexque
423 3108 576 3185 dicitur.
632 3106 752 3184 Index
783 3125 916 3182 autem
951 3110 1053 3180 inter
1080 3106 1177 3180 alios
1203 3129 1292 3203 qua·

186 3236 276 3294 tuot
300 3215 523 3321 primusest,
546 3221 642 3294 alter
657 3217 818 3307 medius,
841 3216 977 3293 tertius
1009 3214 1214 3304 annularis,
1231 3214 1294 3289 ul.

185 3330 306 3405 timus
328 3333 540 3406 minimus:
570 3327 712 3405 horum
724 3324 802 3401 offa
822 3325 1026 3414 lenticulae,
1049 3343 1112 3399 aut
1132 3321 1293 3427 phalan-

187 3463 264 3540 ges,
288 3459 353 3518 aut
387 3438 609 3519 internodia
639 3456 839 3528 vocantur,
875 3458 1047 3536 quorum
1083 3452 1291 3513 curvaturae

187 3550 360 3650 condyli,
389 3550 451 3626 sed
482 3553 613 3653 primae
645 3547 890 3650 procondyli,
918 3548 1063 3623 ultimae
1092 3565 1291 3624 metacon-

186 3661 281 3759 dyli,
307 3680 431 3738 omnes
467 3657 494 3740 ὰ
516 3658 679 3742 Latinis
703 3653 793 3738 nodi
811 3657 947 3738 vocati
953 3655 1074 3762 sunt:
1099 3660 1294 3756 unguium

185 3774 298 3849 initia
314 3773 459 3851 radices
480 3779 670 3874 unguium
705 3771 968 3874 appellantur:
993 3769 1205 3868 digitorum
1228 3790 1295 3844 ex·

186 3901 310 3964 trema
338 3886 453 3974 acini,
483 3902 546 3964 aut
574 3885 800 3972 cacumina:
830 3875 1075 3958 interstitium
1102 3873 1298 3958 annulatis

709 3991 746 4068 O
779 4014 800 4067 2
909 4044 917 4054 .
1256 4002 1303 4062 ac
