3510 4830
301 286 368 383 49
629 252 1094 349 Rnarrmnrsn

304 463 366 518 tus
379 438 566 516 auditorii
591 455 807 515 vocantur:
840 461 908 538 per
928 458 1028 536 quos
1050 430 1225 513 audimus
1240 433 1408 514 scilicet:

303 553 439 628 harum
467 546 668 625 inferiores
687 544 926 647 carnolaequc
955 564 1079 648 partes
1105 542 1204 619 libra
1228 544 1329 638 sunt,
1350 548 1413 624 su·

306 662 474 763 periotes
513 658 861 760 cartilaginosaque
898 662 1034 758 pinna.
1118 654 1282 745 Helices,
1324 680 1411 755 quae

308 767 449 847 deinde
471 766 826 844 circumferentiam
854 768 1031 842 ambiunt
1054 791 1064 838 :
1118 761 1328 840 anthelices
1347 787 1412 841 ve-

307 875 356 957 td
383 882 425 955 in
465 876 598 956 medio
627 876 716 978 post
754 877 923 954 helicem
959 870 1262 952 extumescenres
1290 866 1413 976 prope

307 991 515 1068 cavitatem
551 987 756 1088 particula,
793 990 935 1065 cavitas
963 984 1042 1086 ipsa
1058 980 1215 1060 concha
1237 983 1413 1063 dicitur:

310 1097 468 1177 conehae
485 1092 659 1199 opposita
693 1090 814 1198 propi:
838 1098 1025 1200 temporis
1050 1091 1169 1169 finem
1204 1095 1322 1170 elatio
1341 1112 1415 1171 tra·

309 1232 389 1310 gus,
420 1203 468 1286 id
485 1203 536 1309 est
558 1203 688 1285 hircus
707 1225 893 1284 vocatur:
932 1205 1024 1284 huic
1043 1197 1218 1306 opposita
1244 1225 1293 1278 ex
1318 1203 1417 1305 eras·⁴

309 1313 406 1396 fiore
425 1318 616 1394 anthelice
639 1317 860 1417 antitragus.

360 1425 484 1506 osest
508 1430 633 1526 prima
652 1418 846 1501 labiorum
871 1424 1047 1516 divisura,
1071 1429 1109 1502 ὅ(
1126 1424 1271 1524 reliqua
1284 1424 1417 1501 omnis

311 1538 431 1636 usque
459 1533 506 1610 ad
531 1533 660 1613 fauces
677 1536 866 1614 inanitas:
907 1536 1045 1612 inore
1073 1539 1112 1613 δι
1129 1535 1202 1611 alia
1233 1531 1419 1634 quaedam,

312 1653 353 1724 de
372 1644 506 1722 dentes
521 1643 632 1721 sunt:
660 1667 830 1743 quorum
853 1646 1000 1746 priores
1029 1647 1119 1724 οᾶο
1153 1642 1338 1721 incisores
1361 1644 1418 1720 di·

315 1773 478 1831 cuntur:
506 1757 637 1830 canini
656 1751 729 1831 hos
749 1754 950 1853 sequentes
964 1774 1153 1852 quatuor:
1174 1751 1313 1852 reliqui
1330 1777 1419 1833 om·

313 1888 382 1942 nes
409 1866 546 1964 viginti
575 1865 742 1940 molares
771 1862 889 1942 sunt:
916 1863 1061 1941 horum
1105 1865 1268 1941 extremi
1302 1883 1419 1967 atque

315 1976 475 2053 interius
500 1974 650 2051 conditi
661 1993 827 2074 quatuor
838 1971 1146 2077 sophronillcrcs‚
1155 1967 1202 2049 id
1223 1967 1275 2076 :fl
1295 1971 1418 2052 mode·

314 2098 474 2174 ratores,
497 2108 543 2162 ac
557 2096 810 2191 temperantes
828 2103 1124 2186 nuncupantur:
1146 2085 1215 2182 qui
1227 2101 1312 2160 tum
1327 2078 1421 2165 citm

313 2194 440 2294 sapere
449 2196 854 2297 incipirnus,·oriuntur
866 2222 874 2269 :
888 2193 1076 2300 genuinos
1089 2189 1235 2271 Latini
1250 2209 1422 2275 vocant:

313 2302 449 2378 dentes
463 2305 952 2403 circumplexaecarunculae
962 2305 1126 2404 gingivae
1137 2301 1425 2404 suntrquarum

314 2410 560 2488 commissura
590 2411 739 2488 habena
772 2410 940 2488 dicitur:
979 2413 1063 2490 lata:
1090 2413 1301 2488 molarium
1328 2416 1423 2492 den·

313 2524 417 2597 tium
431 2518 671 2598 summitates
702 2521 842 2598 mensa:
870 2522 1153 2595 nominantur:
1174 2520 1425 2603 maxillarum

318 2630 510 2718 cavitates
529 2628 571 2701 in
601 2626 740 2727 quibus
767 2624 902 2703 dentes
924 2624 1039 2704 defixi
1066 2628 1167 2718 sunt,
1197 2633 1425 2711 mortariola

321 2757 437 2839 atque
456 2736 643 2838 presepia.
703 2735 861 2835 Lingua:
879 2754 1063 2814 exortum
1088 2737 1258 2815 radicem
1269 2759 1426 2822 vocato:

321 2848 534 2936 cervicem,
568 2846 678 2943 quod
711 2844 909 2942 sequitur:
968 2849 1049 2940 ejus
1095 2844 1292 2925 summum
1334 2875 1425 2954 pro·

323 2952 489 3058 glollon,
516 2948 618 3050 quast
640 2953 909 3055 praelinguium
935 2952 1100 3031 dixeris:
1123 2958 1203 3048 ejus
1224 2957 1343 3036 latera
1360 2966 1430 3061 pa)

322 3062 471 3164 rasyra‚
502 3055 549 3139 id
562 3057 614 3165 est
635 3060 868 3170 affequentia
886 3090 898 3138 :
918 3065 1026 3163 quod
1048 3061 1101 3140 est
1128 3063 1227 3142 infra
1251 3067 1428 3167 linguam

323 3165 564 3277 hypoglossis
587 3171 639 3248 est
658 3203 667 3250 :
697 3165 903 3274 epiglossis‚
920 3173 1029 3274 quod
1043 3175 1203 3252 interius
1221 3175 1427 3281 supragut·

327 3302 391 3359 tur
414 3282 464 3357 est
486 3284 628 3358 arteriae
657 3282 792 3386 asperae
814 3303 1105 3387 tegumentum:
1136 3279 1218 3385 qud
1238 3288 1340 3366 inter
1356 3289 1429 3367 de·

324 3391 543 3470 vorandum
564 3391 665 3470 nihil
677 3397 719 3469 in
739 3394 946 3492 pulmones
969 3395 1141 3472 decidat:
1165 3399 1268 3474 inter
1283 3397 1431 3504 spirtu}

322 3501 424 3579 dum
450 3496 557 3589 vero,
582 3524 632 3576 ne
658 3500 810 3604 spiritus
833 3501 1030 3580 ascensum
1051 3504 1247 3608 impediat,
1272 3512 1431 3613 extollig

328 3628 402 3688 tur.
458 3609 580 3716 Quod
607 3608 715 3714 supra
741 3615 916 3713 linguam
950 3616 993 3690 in
1031 3615 1170 3713 orbem
1194 3639 1336 3696 cavum
1365 3622 1428 3719 est,

329 3719 490 3812 coelum,
517 3717 733 3821 palatumve
769 3720 929 3800 dicitur:
955 3748 1039 3827 quae
1078 3726 1219 3805 deinde
1259 3731 1429 3831 superius

330 3831 477 3941 pendet
498 3832 717 3941 caruncula,
743 3833 954 3948 columella
995 3833 1045 3917 est
1059 3857 1085 3946 r,
1107 3861 1230 3945 quam,
1252 3841 1316 3918 alii
1338 3863 1426 3939 gur-

625 3966 650 4045 2
1298 3952 1425 4054 gullo·
