3510 4830
445 269 506 397 63
746 266 923 356 Rurrr
977 258 1228 351 Erunsrt

447 437 571 541 deque
613 435 713 514 foras
755 435 991 542 expellitur:
1028 433 1099 513 hos
1135 428 1255 535 paulo
1285 449 1375 512 ante
1405 455 1555 521 meatus

447 570 748 630 nominavimus.
1380 615 1385 625 .

503 659 725 735 Omentum
739 656 918 734 intestina
934 653 1109 754 contegit
1134 656 1365 756 praepingue,
1393 651 1554 756 duplici-

450 793 529 871 que
551 767 779 846 membrana
803 781 1058 844 contextum:
1086 761 1210 862 ipsum
1244 759 1391 841 ideireo
1421 783 1556 843 natura

451 876 641 968 condidit,
664 894 707 953 ut
734 875 920 953 intestinis
944 868 1207 975 superfluitans
1222 896 1267 949 ea
1292 871 1553 950 adversusam·

451 989 594 1066 bientis
617 989 818 1089 peritonaei
837 984 1022 1060 duritiam
1041 982 1281 1061 remolliret:
1311 980 1475 1062 recisum
1491 1000 1556 1062 aut

453 1099 701 1178 vulneratum
720 1099 805 1176 vitae
827 1091 1048 1170 discrimine
1069 1113 1189 1170 vacat.

517 1429 595 1528 De
600 1424 858 1551 seminariis
877 1417 1195 1556 Conceptaculis
1215 1416 1275 1523 &⁹
1294 1417 1482 1521 Semine.

569 1679 606 1751 T
631 1673 831 1750 seminaria
866 1672 1002 1746 itinera
1025 1667 1233 1742 secundum
1256 1691 1368 1744 renes
1392 1687 1560 1767 quatuor

482 1871 494 1887 .
597 1783 860 1859 descendunt:
890 1781 979 1855 bina
1011 1773 1107 1853 recti
1135 1776 1350 1868 tendentia,
1389 1801 1486 1876 quos
1517 1785 1558 1856 δε

435 1891 640 1970 ·allessores
664 1898 701 1971 &
716 1888 963 1992 glandulosos
973 1886 1154 1984 nonnulli
1174 1906 1341 1964 vocant:
1364 1886 1558 1965 binavari·

453 2004 554 2094 cosa,
582 1998 691 2102 quod
717 2003 865 2078 varicis.
893 2021 1003 2075 more
1036 1996 1421 2074 circumflectuntur:
1458 2001 1559 2075 intra

453 2112 533 2190 haee
557 2112 786 2191 foecundum
805 2111 936 2187 semen
962 2110 1143 2209 gignitur,
1170 2107 1446 2206 grandinosum
1464 2108 1558 2184 cras·

455 2215 642 2320 sumque:
666 2245 783 2322 quare
803 2226 842 2298 ὃ(
868 2219 945 2321 ipsa
970 2216 1153 2294 nonnulli
1169 2219 1354 2315 genitales
1368 2240 1484 2292 venas
1496 2241 1557 2320 ap

453 2332 596 2430 pellare
620 2337 831 2407 voluerunt
859 2356 867 2401 :
898 2332 938 2401 in
978 2327 1104 2401 alteris
1132 2342 1261 2399 autem
1295 2325 1346 2401 est
1367 2324 1558 2403 infoecun-

453 2441 549 2516 dum
572 2435 818 2537 dilutumque
855 2437 1000 2522 semen,
1042 2431 1148 2531 quod
1182 2430 1290 2509 fimul
1324 2455 1414 2509 curn
1434 2438 1562 2532 priore

454 2552 535 2639 ejus
564 2550 760 2624 nutriendi
787 2545 894 2619 eausa
929 2547 1174 2614 excernitur:
1216 2536 1352 2616 verum
1386 2543 1433 2617 ab
1459 2544 1561 2621 utra·

455 2682 532 2759 que
556 2678 661 2758 parte
688 2658 891 2753 conjugata
917 2644 1026 2726 simul
1053 2643 1212 2747 utraque
1237 2644 1387 2728 adorso
1406 2652 1559 2733 descen·
1660 2736 1662 2741 ,

457 2771 582 2856 dunt;
617 2768 679 2843 led
702 2764 839 2840 sterilia
864 2758 1015 2837 vascula
1037 2782 1127 2837 cum
1144 2752 1265 2835 vestri
1292 2763 1442 2839 cervice
1474 2789 1559 2843 coa-

456 2877 639 2953 lescunt:
678 2872 846 2950 varicoso
877 2862 969 2944 vero
999 2893 1065 2970 per
1100 2871 1258 2968 inguina
1296 2871 1561 2951 testiculorum

455 2986 603 3061 tunicas
624 2984 798 3061 subeunt.
854 2984 1100 3086 Quapropter
1124 2978 1292 3054 eunuchi
1315 2977 1445 3056 semen
1476 2989 1559 3081 qui·-

459 3095 562 3185 dcm,
589 3095 651 3172 scd
679 3091 954 3171 infoecundum
989 3083 1010 3160 ὲ
1038 3085 1269 3188 glandulofis
1293 3088 1422 3181 fistulis
1458 3094 1560 3181 ejici.

460 3209 593 3283 ciunt:
624 3199 645 3280 ὲ
672 3196 846 3280 varicosrs
869 3192 963 3275 vero
991 3192 1117 3274 excisis
1135 3195 1291 3276 testibus
1311 3196 1564 3306 seminis'pro

458 3309 558 3390 iusto
581 3315 718 3390 servari
740 3334 822 3390 non
853 3310 992 3412 potuit.

516 3423 750 3500 Scrotum‘&
772 3440 856 3498 tota
875 3444 919 3496 ea
939 3419 1069 3494 laxitas
1089 3417 1149 3507 est,
1184 3421 1225 3492 in
1243 3412 1320 3520 qul
1339 3419 1448 3501 testes
1468 3447 1561 3504 con-

459 3535 661 3620 tinentur,
696 3536 733 3608 &
756 3532 874 3629 magis
903 3521 1056 3629 proprie
1080 3529 1246 3603 exterior
1282 3531 1439 3608 carnosa
1466 3558 1563 3635 pars,

459 3667 508 3719 ex
527 3643 758 3718 membranis
779 3638 936 3727 constat,
968 3640 1155 3712 exteriore
1180 3635 1342 3735 quidem
1364 3639 1474 3719 datto
1494 3670 1562 3722 vo-

462 3774 556 3841 cata,
582 3778 664 3852 qua:
687 3750 822 3852 rugosa
845 3747 921 3837 est,
964 3749 1146 3824 interiore
1171 3767 1298 3822 autem
1329 3752 1560 3847 erythroide.

460 3865 613 3968 Nempe
637 3863 807 3942 scrotum
821 3864 862 3941 ὅ(
878 3857 1007 3937 danos
1022 3861 1248 3937 communia
1265 3861 1468 3939 amborum
1491 3865 1562 3942 tell

1071 3990 1092 4043 2
1463 3991 1564 4057 nuru
