3510 4830
320 271 357 370 4
634 238 827 340 num
858 224 1109 338 Errrrs'rr

318 406 613 495 medicamentis
634 411 841 491 inventum
872 431 988 514 atque
1009 406 1289 514 excogitatum?
1345 415 1435 499 Elui

317 523 417 601 enda
452 540 608 602 tantum
640 520 691 600 est
726 522 864 620 injelia
903 544 999 627 aqua
1026 522 1161 614 calida,
1197 541 1263 600 aut
1300 527 1437 610 malvae

317 652 384 711 aut
408 633 497 723 lini,
525 651 590 710 aut
605 627 729 710 silicie
747 632 923 726 demde,
951 632 1016 711 cui
1030 633 1111 708 olei
1136 630 1350 714 admixtum
1387 633 1436 717 stt

316 762 509 845 quantum
532 743 620 823 usus
645 746 777 848 exigit.
835 746 925 823 Nec
953 735 1049 825 vero
1069 745 1123 818 ita
1156 766 1297 844 magna
1321 751 1437 850 copia

316 855 569 935 immittenda
592 853 655 949 est,
683 880 735 935 ne
755 855 933 937 intestina
959 853 1153 956 completa
1185 876 1296 931 renes
1321 879 1434 936 com·

316 968 513 1069 primane:
544 962 724 1046 subducti
741 962 882 1056 alvo,sr
904 964 1076 1043 necdum
1091 962 1279 1042 concedat
1301 966 1431 1061 dolor,

316 1078 448 1152 lanam
477 1076 571 1152 oleo
596 1073 725 1155 calido
758 1075 973 1153 delibutam
995 1074 1279 1177 circumpones,
1319 1095 1435 1178 atque

318 1184 402 1260 illic
438 1179 598 1263 residere
630 1178 787 1287 patiire.
843 1184 933 1262 Nec
973 1184 1037 1261 abs
1070 1209 1112 1262 re
1146 1184 1262 1262 fuerit
1290 1204 1432 1279 rutam,

318 1291 522 1391 hibiscum,
543 1295 743 1392 anethum,
778 1289 1068 1377 &artemisiam
1091 1297 1184 1378 olco
1206 1300 1432 1401 incoquere.

720 1603 935 1697 CAPUT
971 1605 1034 1709 V.

608 1740 701 1912 ’De
735 1809 874 1913 Venae
908 1810 1121 1916 serlione.

440 2061 557 2143 Ceius
580 2062 851 2166 aegrotantibus
875 2085 975 2143 vena
1006 2061 1220 2143 seeundum
1251 2058 1430 2144 cubitum

464 2173 625 2250 secanda
647 2173 718 2264 est,
758 2169 846 2251 &h
874 2172 968 2276 quid
992 2174 1311 2252 inflammationis
1337 2176 1429 2252 reli·

318 2307 443 2384 quum
467 2278 524 2374 fit,
556 2281 755 2386 emplastra
773 2283 964 2362 illinenda
984 2283 1085 2376 sunt,
1111 2275 1284 2385 primlrm
1300 2306 1344 2360 ex
1370 2283 1430 2364 fa·

317 2389 403 2472 riui
425 2392 555 2473 mulso
574 2395 739 2486 incodia,
772 2413 837 2473 aut
860 2396 1001 2474 telino.
1055 2392 1188 2472 Postea
1218 2392 1430 2475 admiscere

317 2505 529 2582 conveniet
547 2503 804 2608 chamaepytis,
827 2504 939 2608 polii,
961 2505 1153 2596 abrotani,
1182 2504 1273 2582 vitis
1300 2504 1432 2605 nigrae,

318 2633 423 2710 rutae,
445 2610 635 2711 ablinthii,
655 2618 873 2707 centauriae,
888 2611 1084 2701 arrimefioe
1098 2617 1137 2694 &
1160 2610 1428 2718 trissaginisfo

317 2725 371 2804 lia
383 2761 400 2816 ,·
430 2727 477 2803 ad
498 2725 577 2804 haec
601 2726 693 2805 asari
719 2729 758 2803 &
775 2728 884 2820 junci
899 2724 1068 2804 odorati.
1123 2718 1233 2804 Tirm
1251 2745 1430 2804 nonam·

316 2834 418 2939 pliue
448 2832 647 2937 emplastra
673 2834 803 2913 mulso
829 2839 1064 2937 incoquere,
1102 2831 1168 2910 sed
1204 2835 1331 2910 musto
1363 2854 1430 2914 aut

315 2945 413 3021 vino
436 2946 632 3025 melitite:
673 2946 839 3045 adjicere
866 2947 986 3026 etiam
1008 2965 1101 3024 cum
1120 2941 1361 3044 superiorum
1386 2968 1429 3024 a·

313 3052 427 3152 liquo
447 3052 577 3136 farinae
601 3056 788 3161 duplum:
821 3049 942 3161 paulo
965 3056 1050 3159 plus
1076 3046 1248 3144 etiamsi
1269 3054 1354 3153 quis
1372 3053 1428 3133 ef-

314 3159 468 3243 ficacius
489 3168 630 3270 cupiat,
653 3166 823 3245 admixta
846 3190 933 3246 cera
949 3163 1044 3247 licea
1069 3162 1300 3245 &contusa
1355 3161 1427 3244 Be-

313 3272 458 3349 nefacit
471 3276 738 3376 pretereahoc
750 3273 954 3383 Chryfippi
966 3274 1224 3380 emplastrum,
1248 3271 1356 3374 quod
1373 3277 1428 3355 ita

314 3380 544 3464 conficitur:
576 3387 754 3475 Galbani,
802 3383 931 3464 refinae
952 3383 1178 3478 terebinthi,
1201 3386 1313 3487 polii,
1338 3382 1427 3462 fari-

313 3515 371 3570 nae
399 3497 501 3586 ervi,
540 3490 780 3594 iugulorum
819 3494 957 3596 pondo
1005 3493 1196 3573 drachmae
1236 3495 1426 3596 quinqua·

312 3605 453 3702 ginta:
511 3603 616 3680 iridis
642 3598 745 3683 ficcae
767 3597 932 3704 siciliqui
962 3604 1070 3683 duo:
1120 3604 1238 3684 cerati
1260 3604 1425 3683 suaviter

313 3713 458 3791 olentis
481 3711 639 3792 hemina
665 3740 674 3791 :
703 3712 832 3794 fariuae
867 3714 988 3791 tritici
1016 3714 1166 3793 sextarii
1200 3715 1423 3793 dimidium.

313 3822 402 3906 Hac
423 3826 546 3909 musto
562 3825 721 3908 decolia
738 3825 900 3922 illinito,
927 3824 1154 3934 nephriticis
1175 3825 1335 3932 quidem
1350 3842 1426 4011 prg-

441 3963 444 3967 ’
605 3958 635 4031 4
1355 3955 1423 4033 Π)
