3510 4830
629 290 650 423 i
691 326 745 424 13
786 287 813 422 )

175 475 298 557 urinas
311 475 518 556 eliciendas
533 476 728 570 admovet,
753 476 975 582 haudplura
989 500 1106 583 quam
1126 479 1199 560 tria
1212 482 1276 559 vei

171 606 337 688 quatuor
350 589 397 666 ad
411 589 606 668 summum
623 589 805 667 adhibere
823 590 953 684 debet,
978 586 1003 666 fi
1018 590 1177 670 curandi
1196 593 1277 670 sco·

172 721 266 798 pum
277 700 372 775 velit
384 702 585 799 attingere.
615 700 703 776 Nec
714 703 882 803 cuipiam
898 700 1277 779 medicamentorum

170 810 257 886 vim
278 810 574 910 &operationes
594 803 717 912 probe
729 811 888 883 callenti
911 802 1069 887 difficile
1082 811 1277 889 estconci·

172 938 278 1017 pere,
291 939 374 1016 quo
387 915 509 995 modo
523 937 599 994 una
615 909 827 1018 eade‘mque
838 916 1033 994 medicina
1045 937 1193 996 meatus
1200 921 1279 997 uri·

170 1024 755 1118 narios&reseret&occludat,
777 1044 894 1130 prout
905 1048 1024 1104 manu
1031 1027 1206 1128 parciore
1217 1025 1281 1113 vel

175 1130 389 1236 copiofiore
408 1135 644 1215 adhibeatur.
701 1133 812 1215 Cum
835 1131 864 1213 st
886 1136 1169 1215 Cantharidum
1180 1130 1279 1215 dosis

174 1248 293 1322 etiam
305 1248 346 1322 in
363 1246 582 1349 emplastris,
597 1249 698 1324 ultra
711 1269 829 1347 quam
842 1246 890 1324 ad
904 1250 1030 1324 urinas
1042 1246 1196 1325 ciendas
1212 1269 1280 1350 par

173 1351 237 1445 est,
251 1355 491 1458 adaugeatur,
506 1357 665 1436 fatalem
675 1353 1000 1436 renum&vesrcae
1012 1356 1279 1436 musculorum

172 1466 481 1542 contradionem
513 1460 683 1546 sacilimh
725 1464 895 1542 inducat.
950 1468 1114 1544 illorum
1148 1485 1280 1544 autern

171 1572 397 1668 stultitiam,
426 1574 582 1672 nescio,
627 1599 676 1654 an
708 1578 897 1654 incuriam
935 1575 1056 1678 magis
1087 1574 1281 1667 demirer,

171 1687 359 1782 quicum
393 1688 436 1762 in
483 1687 602 1764 urina:
637 1676 942 1790 suppressionem
978 1685 1169 1769 incidunt,
1201 1706 1281 1790 ope

172 1815 246 1871 nec
280 1791 432 1874 medica
469 1819 542 1878 nec
590 1791 816 1898 chirurgici,
852 1792 923 1873 nist
958 1793 1043 1875 serd
1068 1797 1186 1875 nimis
1222 1798 1281 1872 uti

171 1902 307 1995 velint,
350 1904 497 1984 scilicet
536 1930 628 1984 cum
668 1905 935 1985 musculorum
965 1909 1089 1983 visin
1126 1922 1281 1981 tantum

172 2014 227 2088 ita
253 2011 494 2114 disperditur,
531 2034 575 2088 ut
604 2016 696 2089 iicet
718 2012 913 2090 cathetcre
944 2014 986 2091 in
1013 2010 1176 2089 vesicam
1204 2014 1283 2087 im·

173 2118 285 2196 misso
323 2122 527 2200 eiiciantur
568 2121 707 2212 urina,
756 2120 860 2200 haud
908 2140 1041 2200 tamen
1078 2118 1280 2228 pristinum

169 2230 306 2310 statum
324 2224 472 2337 poistnt
491 2252 727 2335 recuperare.

222 2450 266 2528 In
307 2455 479 2531 cutaneis
513 2453 675 2553 quidem
703 2451 900 2534 affectibus
941 2448 1119 2533 sanandis
1148 2469 1280 2530 utrum

166 2559 372 2665 proficiant
399 2559 654 2636 Cantharides
682 2566 763 2638 cuti
783 2559 969 2663 apposito,
1001 2586 1140 2649 necne,
1179 2584 1279 2639 non·

170 2671 266 2746 dum
283 2685 460 2770 expertus
482 2664 581 2758 sum,
607 2689 701 2766 quas
725 2683 860 2743 tamen
888 2669 932 2743 in
963 2666 1187 2758 hujusmodi
1218 2689 1280 2741 ca·

169 2775 270 2857 fibus
302 2775 472 2855 adhiberi
504 2771 528 2854 d
560 2778 753 2856 veteribus
776 2773 946 2868 constat,
994 2796 1085 2851 cum
1114 2777 1156 2853 in
1178 2774 1281 2852 Aio·

167 2883 302 2992 peehii
339 2891 386 2968 ab
411 2880 626 2994 Archigine
659 2887 943 2966 commendat*¹
980 2879 1168 2978 assirius,
1211 2885 1282 2985 qui

167 3001 271 3077 idem
292 2999 391 3076 &ad
415 2999 563 3102 lepram
585 2995 794 3077 curandam
808 3020 901 3078 curn
922 2995 1005 3075 aliis
1016 2996 1283 3096 medicameng

167 3113 215 3187 tis
235 3107 486 3188 erodentibus
503 3103 744 3187 commiscet.

223 3329 311 3408 Haec
336 3326 466 3419 habui,
494 3328 637 3406 Amice
658 3325 825 3417 Lubet,
852 3347 936 3425 qnae
958 3323 1067 3427 super
1085 3319 1279 3405 vesscanti·

124 3514 129 3523 ,
169 3438 241 3514 bus
266 3458 398 3517 tecum
426 3441 719 3516 communicare
749 3436 870 3515 volui.
927 3437 1061 3515 Tuum
1087 3433 1137 3511 est
1159 3440 1278 3515 ratio·

169 3570 268 3625 num
294 3567 498 3627 momenta
538 3551 592 3626 ita
625 3548 888 3652 perpendere,
922 3564 965 3624 ut
997 3541 1075 3648 qua
1118 3542 1280 3624 demirm

266 3804 278 3833 ·
299 3788 385 3855 Tetr.
406 3809 424 3855 2
445 3789 533 3856 serm.
555 3809 576 3856 2
596 3808 661 3872 cap.
680 3806 720 3870 55
753 3783 870 3854 Tetri
895 3786 986 3856 serm.
1008 3808 1026 3854 a
1046 3804 1189 3877 cap-174.
1320 3890 1322 3895 Ι

334 3924 336 3928 ’
499 3945 522 4005 a
1179 3935 1277 3994 tcm-
