3510 4830
314 279 377 366 ιγ
624 243 811 337 Rurtr
854 235 1110 332 Eanrsrr

315 413 555 519 temporibus
574 412 809 516 germinatio
829 411 929 490 iulus
947 406 973 492 a
992 403 1192 503 Graecina}
1213 406 1347 508 nostris
1370 413 1427 493 la·

314 550 419 631 nugo
436 524 533 602 didia
566 523 639 602 cii:
660 526 806 628 primus
830 524 911 619 cius
942 524 985 599 in
1009 520 1193 650 superiori
1221 521 1330 599 labro
1356 543 1427 598 ex·

312 655 421 714 ottus
444 627 572 743 grac&
607 633 913 738 propogonium,
943 626 1067 714 latine
1089 630 1366 734 probatbium:
1396 628 1427 708 st

312 745 460 849 fingere
488 747 616 836 liceat,
639 743 761 822 dicito
772 743 840 846 qui
853 742 924 844 pili
942 740 1071 843 postca
1081 740 1228 815 adaucti
1244 738 1428 838 mystaccs

314 857 592 959 appellantur:
642 852 707 928 sed
739 855 782 931 in
806 850 961 930 summo
984 867 1124 926 mento
1154 850 1237 949 pili,
1271 871 1428 952 pappus,

314 965 385 1044 sub
407 979 546 1044 mento
558 981 691 1041 autem
712 961 864 1063 hypena
884 956 1033 1040 Graecis
1044 951 1204 1039 vocibus
1224 957 1427 1038 dicuntur:

313 1072 439 1156 latina
461 1068 611 1154 nomina
637 1063 830 1174 deficiunt.

308 1184 330 1205 ‘⁹
371 1185 501 1261 Prima
537 1183 732 1261 labiorum
759 1177 944 1269 divisura,
975 1180 1015 1256 δι
1047 1177 1208 1254 interior
1241 1177 1428 1279 usquead

312 1291 442 1372 fauces
464 1292 630 1370 inanitas
650 1313 696 1368 os
720 1287 802 1366 cst:
844 1289 974 1366 inore
997 1303 1128 1366 autem
1157 1286 1231 1362 alia
1258 1287 1361 1380 suut,
1387 1296 1427 1371 dc

312 1403 462 1494 dentes,
484 1422 583 1504 quos
603 1399 789 1478 nonnulli
822 1413 1012 1475 cranteras
1033 1395 1255 1498 appellant:
1282 1397 1429 1479 horum

311 1512 501 1616 primores
519 1528 685 1611 quatuor
698 1507 894 1597 incisores,
922 1506 1082 1583 caninos
1111 1522 1242 1582 autem
1262 1504 1425 1609 'sequen-

311 1641 370 1699 tes
397 1623 578 1720 utrinque
606 1613 806 1719 singulos:
837 1615 1003 1694 molares
1018 1607 1127 1706 veto,
1159 1617 1198 1693 dt
1211 1618 1429 1699 maxillares

311 1727 396 1835 post
413 1731 574 1807 caninos
598 1747 759 1827 utraque
772 1744 933 1828 exparte
945 1727 1088 1827 quinos
1109 1744 1248 1801 vocare
1268 1726 1428 1806 consue·

314 1841 478 1917 vimus:
505 1833 815 1941 sophronilleras,
848 1833 926 1912 hoc
951 1832 1017 1921 est,
1048 1832 1323 1929 moderatores,
1350 1837 1428 1915 lto-

315 1972 405 2028 tum
442 1950 605 2027 intimos
630 1964 747 2047 atque
770 1946 932 2024 ultimos
955 1939 1084 2022 Graect‘
1109 1961 1281 2023 uocant:
1317 1942 1429 2048 quod

317 2083 368 2137 co
403 2079 601 2162 tempore,
631 2078 714 2159 quo
745 2054 969 2134 moderatos
999 2047 1332 2158 temperantesque
1358 2057 1431 2137 effe

318 2187 488 2267 oportet,
528 2168 622 2244 oriri
647 2165 853 2264 incipiunt.
909 2161 978 2238 Ab
1008 2158 1167 2260 utrique
1201 2187 1308 2264 parte
1328 2190 1429 2247 unus

318 2276 383 2369 eli,
409 2277 601 2378 genuinos
613 2268 757 2351 Latini
778 2271 998 2374 appellant:
1025 2270 1194 2349 totidem
1208 2274 1245 2350 dt
1259 2274 1428 2376 superio-

318 2388 371 2462 ris
384 2383 560 2474 maxillae,
591 2377 802 2479 eademque
827 2379 992 2455 nomina
1017 2377 1143 2454 sortiti
1163 2378 1251 2457 sunt
1278 2384 1426 2465 denter.

318 2494 567 2571 Maxillatum
595 2492 798 2593 colligatio
824 2489 987 2581 habena,
1022 2485 1163 2566 mensa
1189 2488 1429 2575 summitates
1497 2586 1500 2591 ,

315 2608 400 2682 lata
421 2605 644 2690 molarium,
672 2601 952 2675 mortariola&
973 2595 1216 2674 maxillarum
1236 2604 1430 2697 cavitates,

318 2714 527 2814 inquibus
554 2710 690 2788 dentes
717 2706 835 2785 defixi
856 2707 958 2794 sunt,
978 2704 1231 2809 appellantur.
1290 2711 1429 2815 Gingi-

318 2846 372 2901 vae
392 2827 490 2897 circa
507 2818 653 2895 radices
676 2816 856 2897 dentium
879 2815 1093 2893 caruncula
1117 2815 1214 2894 sunt.
1269 2819 1428 2923 Linguae

318 2932 436 3018 radix,
470 2927 573 3006 uude
592 2925 672 3027 ipsa
711 2925 897 3012 exoritur,
935 2926 1192 3000 nominatur:
1234 2947 1316 3027 pars
1345 2936 1427 3026 ejus

318 3036 536 3117 musculosa
565 3058 635 3113 ore
658 3051 847 3110 contenta
871 3032 1001 3133 lingua
1036 3030 1119 3108 cst:
1161 3037 1301 3126 cervix,
1341 3063 1427 3140 quae

318 3146 513 3251 sequitut3
540 3146 713 3247 parasyta
741 3162 881 3234 autem,
916 3165 1000 3244 quae
1026 3144 1073 3221 ab
1106 3162 1273 3246 utroque
1290 3148 1429 3251 lingua

318 3261 436 3335 latete
460 3256 560 3346 sunt,
586 3250 716 3334 Graeci
728 3257 961 3332 nominant:
989 3247 1256 3358 hypogloffida
1277 3279 1428 3359 partem

318 3371 456 3470 lingua
478 3365 718 3455 inferiorem,
738 3356 962 3466 epigloffida
978 3358 1220 3465 vercl,quod
1241 3368 1428 3450 intimum
1480 3392 1482 3398 ’

319 3476 369 3553 cst
397 3478 544 3577 gutturi
573 3471 802 3574 operculum
846 3473 1042 3572 quoddam
1079 3470 1332 3576 impositum:
1375 3507 1426 3562 ne

321 3582 411 3663 ciam
424 3584 665 3673 devoramus,
693 3582 892 3685 quippiam
905 3583 944 3657 in
966 3585 1171 3685 pulmonrs
1188 3587 1326 3669 irruat:
1348 3590 1425 3687 scd,

320 3691 410 3775 edm
423 3695 572 3801 spiritus
586 3694 753 3783 ducitur,
778 3715 828 3768 ne
858 3691 1119 3770 transeuntem
1152 3717 1279 3772 aetem
1303 3700 1423 3799 impc-

320 3806 411 3904 diat,
429 3807 602 3886 sublimis
620 3804 825 3885 attollitur.
884 3802 1048 3883 Corlum
1068 3797 1175 3899 verri,
1193 3811 1231 3887 dt
1249 3810 1422 3910 palatum

1325 3941 1422 3998 con.

784 4145 855 4220 Ὗ,
