3510 4830
311 272 376 366 45
644 236 832 334 Rurrr
865 238 1108 334 Ernesrr

312 427 396 504 Alii
424 425 509 502 vitae
534 422 734 525 quoddam
760 428 997 529 principium
1032 420 1194 505 calorem
1216 422 1287 531 effe
1317 415 1425 508 dixe?

313 550 415 616 tunt.
844 554 849 562 ·

371 649 502 723 foetus
543 647 783 724 membranis
817 648 1050 726 involvitur:
1079 671 1243 752 quarum
1264 665 1428 728 tenuem

319 781 363 834 nc
382 759 611 834 molliorem
630 761 795 834 amnion
816 778 931 837 vocat
952 761 1224 862 Empedocles,
1253 761 1431 865 agninam

318 862 468 949 Latini
488 862 620 946 dicito.
678 867 774 944 Inde
791 869 829 945 ὅ(
861 868 1010 970 ilithya‚
1040 892 1124 978 quae
1133 871 1270 976 partui
1281 867 1426 976 praeest,

319 983 467 1055 amnias
487 980 586 1055 mihi
618 979 861 1080 agnominari
892 981 971 1057 visa
994 979 1074 1057 est:
1111 1005 1194 1058 non
1226 977 1248 1058 ὲ
1282 983 1419 1065 Creta,

318 1103 364 1191 att
387 1084 458 1166 alii
474 1084 707 1192 exstimant,
743 1088 915 1188 quodam
945 1110 1074 1192 portu.
1130 1093 1218 1169 Nos
1243 1091 1345 1171 hanc
1363 1112 1423 1170 tu·

319 1202 450 1277 nicam
474 1197 721 1290 dissecantes,
766 1198 944 1277 humoris
973 1197 1170 1297 cujusdam
1197 1196 1317 1303 longit
1335 1204 1422 1292 illo,

320 1312 390 1407 qui
422 1314 464 1385 in
494 1308 712 1387 secundinis
741 1311 991 1400 continetur,
1019 1310 1236 1389 mundioris
1265 1313 1424 1413 plenam

319 1421 564 1498 invenimus:
597 1413 844 1518 accuratique
878 1420 1146 1498 aestimantibus
1180 1424 1302 1500 veluti
1339 1425 1424 1520 qui·

322 1529 416 1607 dam
442 1530 562 1607 foetus
588 1529 704 1608 sudor
724 1529 946 1606 videbatur:
981 1553 1049 1632 per
1067 1528 1309 1609 urinaculum
1335 1525 1432 1609 verb

325 1640 533 1718 humorem
548 1641 745 1740 quendam
765 1643 805 1716 in
819 1641 1046 1719 secundinas
1066 1640 1177 1720 instar
1188 1639 1438 1721 urinaetrans-

325 1751 439 1829 fundi
454 1753 723 1852 cognovimus.
781 1749 856 1827 Sed
868 1752 1019 1826 amnius
1040 1753 1205 1830 interior
1221 1751 1352 1851 foetui,
1382 1752 1439 1827 se·

329 1862 507 1941 cundinae
523 1863 686 1939 exterius
709 1859 832 1938 vulvae
864 1857 988 1938 brevis
1003 1879 1116 1962 atque
1145 1863 1286 1943 venosa
1309 1862 1442 1940 tunica

329 1973 595 2050 adhorrebant:
618 1964 641 2050 ‘e
664 1968 883 2049 secundinis
906 1973 1114 2048 umbilicus
1133 1977 1258 2050 oritur
1278 1997 1323 2048 ex
1346 1973 1441 2048 dua-

329 2086 516 2162 busvenis
530 2075 772 2181 totidemque
791 2081 936 2157 arteriis
954 2077 1197 2184 compositus,
1218 2088 1255 2161 dc
1268 2106 1313 2159 ex
1326 2086 1444 2182 quin·

329 2214 375 2271 to
388 2196 580 2294 appellato
593 2192 809 2280 urinaculo‚
824 2191 931 2267 brevi
942 2194 1108 2282 vasculo,
1137 2195 1319 2292 utrinque
1336 2215 1446 2287 cavo,

328 2298 350 2380 ὲ
379 2300 504 2379 Vestcae
522 2302 647 2379 fundo
672 2304 714 2376 in
734 2299 960 2377 secundinus
984 2304 1166 2378 intrante.

386 2413 559 2488 Plurima
590 2413 632 2487 in
663 2411 825 2487 homine
851 2428 1000 2509 reperta
1036 2409 1259 2503 hujusmodi
1281 2410 1444 2512 appella-

331 2524 505 2600 tionibus
530 2515 709 2619 infignire
739 2537 919 2618 oportet:
952 2513 1075 2615 quod,
1101 2515 1238 2614 siquid
1256 2523 1299 2594 in
1317 2518 1376 2593 his
1402 2541 1446 2594 o-

333 2630 489 2709 milium
517 2628 646 2718 fuerit,
670 2650 753 2703 non
781 2618 874 2700 ideo
903 2641 1035 2700 tamen
1053 2628 1222 2727 plurima
1256 2630 1310 2706 ob
1326 2650 1448 2728 pauca

338 2743 513 2841 quadam
550 2735 853 2816 conniventibus
886 2735 1012 2811 oculis
1040 2739 1230 2840 praeterita
1263 2736 1452 2843 aspernati

338 2865 557 2930 conveniet.
