3510 4830
583 243 660 342 De
680 234 894 339 Partibus
929 234 1147 339 Hominis.
1349 265 1408 361 24

313 418 417 500 tibus
447 416 643 523 syncipitis
683 414 809 521 posrtae
848 438 1025 520 tempora
1062 416 1255 501 dicuntur,
1295 402 1416 509 graec‘e

313 530 428 609 corsae
461 538 497 610 &
532 528 741 631 erotaphi:
779 528 887 629 quod
912 549 1041 607 autem
1064 529 1106 601 in
1136 522 1268 599 medio
1291 522 1417 618 capite

311 640 374 734 ell,
405 641 473 719 ubi
495 636 664 716 maxime
688 643 817 741 capilli
841 641 1108 729 involvuntur,
1135 637 1320 712 verticem
1349 650 1416 704 vo-

311 775 472 832 camus:
526 769 677 848 partem
720 748 788 821 sub
813 748 1012 848 syncipite,
1048 748 1259 826 frontem:
1313 744 1417 833 juxta

310 879 492 961 tempora
510 858 683 958 pilorum
704 873 856 934 exortus
865 853 951 964 juli
980 853 1110 955 graece,
1136 852 1254 929 latine
1275 857 1419 950 lanugo

316 970 524 1046 dicuntur:
553 968 730 1067 occipitis
765 986 896 1042 autem
930 967 1061 1069 capilli
1096 958 1270 1068 promissi
1295 961 1418 1037 crines

315 1080 560 1160 vocitantur:
591 1077 747 1154 ultimas
781 1077 923 1154 frontis
959 1100 1068 1178 rugas
1087 1077 1208 1153 Graeci
1237 1073 1421 1177 episceni·

316 1213 385 1268 um
407 1206 561 1279 vocant,
592 1186 711 1266 nostri
739 1186 1066 1291 supratentorium
1102 1187 1280 1278 dixerint,
1312 1180 1421 1282 quod

313 1300 441 1380 oeulis
468 1296 704 1389 attrahimus,
720 1299 879 1398 quando
907 1298 1113 1376 nobiseum
1137 1297 1281 1401 aliquid
1306 1286 1421 1370 altius

312 1414 542 1513 cogitamus,
570 1430 634 1487 aut
654 1432 856 1487 veremur:
886 1410 952 1485 alii
977 1405 1070 1489 verd
1089 1431 1236 1512 partem
1264 1406 1332 1484 sub
1363 1402 1419 1478 su-

312 1523 484 1623 perciliis
534 1518 747 1607 carnosum,
786 1520 1025 1618 episcenium
1055 1535 1305 1596 vocaverunt.
1365 1511 1421 1585 At

312 1629 514 1731 supercilia
540 1626 690 1707 hirsuta:
718 1628 858 1704 frontis
883 1628 1140 1707 extremitates
1164 1627 1279 1706 sunt:
1326 1645 1423 1722 quo·

315 1764 405 1823 rum
424 1737 669 1817 interstitium
690 1738 952 1843 nresophtyon
972 1734 1103 1842 grace,
1123 1731 1246 1820 larini
1275 1730 1422 1849 glabel-

314 1847 366 1942 la,
410 1845 513 1960 quid
525 1845 704 1957 glabrum
721 1845 792 1953 fit,
826 1851 993 1928 dicitur:
1023 1853 1092 1929 iub
1118 1852 1326 1954 superciliis
1340 1851 1422 1950 pal·

314 1963 454 2063 pebrae,
490 1984 587 2067 quas
605 1960 725 2040 etiam
739 1983 865 2065 genas
883 1977 1041 2053 vocant,
1076 1965 1192 2037 altera
1213 1965 1334 2063 supra,
1370 1961 1424 2034 al·

315 2089 400 2146 tera
426 2065 615 2143 initalitae
641 2068 729 2145 sunt
756 2097 766 2144 :
811 2072 857 2144 ab
880 2074 925 2146 iis
948 2072 1183 2169 prodeuntes
1212 2075 1282 2171 pili
1305 2066 1428 2172 graece

318 2173 405 2258 tarsi
429 2181 467 2254 ὅ(
489 2177 741 2280 blepharides,
768 2175 889 2256 latini:
913 2182 1003 2256 eilia
1032 2182 1309 2258 nominantur:
1357 2182 1424 2259 ha-

319 2312 408 2366 rum
432 2308 618 2378 extrema,
651 2283 744 2366 edm
779 2313 852 2366 nos
883 2291 1115 2380 dormimus,
1168 2289 1244 2367 sese
1265 2297 1424 2370 contin-

320 2403 463 2502 gentia,
489 2423 643 2478 coronae
670 2405 707 2480 &
723 2397 853 2494 chelae,
873 2401 950 2480 hoe
970 2401 1033 2492 est,
1055 2403 1205 2503 ungula
1221 2401 1424 2482 dicuntur:

318 2514 524 2611 superioris
553 2512 739 2608 palpebrae
772 2511 996 2611 superficiei,
1027 2513 1134 2612 quod
1163 2514 1427 2616 superimpen-

321 2620 400 2707 det,
427 2636 591 2692 cavum:
621 2614 680 2687 illi
710 2633 838 2686 autem
856 2621 1092 2713 respondens
1110 2622 1280 2708 inferius,
1300 2625 1427 2698 subea-

322 2751 418 2807 vum
436 2742 591 2801 vocant.
647 2717 692 2799 Id
725 2715 812 2798 sane
831 2727 867 2801 δι
896 2726 937 2798 in
969 2721 1066 2823 aqui
1084 2729 1187 2801 inter
1210 2746 1352 2819 eutem,
1390 2735 1429 2807 δε

325 2837 471 2935 alioqui
488 2835 530 2910 in
553 2854 672 2936 pravo
703 2837 875 2933 eorporis
893 2833 1040 2924 habitu,
1068 2840 1106 2913 ὅ(
1140 2840 1182 2911 in
1207 2840 1431 2940 longinquo

323 2942 650 3028 haemorrhoidum
692 2936 881 3037 effluvio,
930 2951 966 3023 &
1011 2943 1169 3048 antiqui
1218 2952 1431 3027 mulierum

322 3049 515 3138 menstrui
547 3056 791 3157 purgatione,
834 3080 1123 3155 nonnunquam
1149 3061 1267 3135 ctiam
1295 3061 1430 3137 incho-

321 3169 474 3247 antibus
493 3165 787 3266 lippitudinibus
803 3165 1059 3244 intumescere
1088 3166 1300 3243 consuevit.
1352 3170 1429 3244 Hu-

325 3275 491 3375 iusmodi
518 3269 613 3352 veto
649 3275 896 3375 lippitudines
925 3279 1101 3351 mitiores
1121 3273 1192 3351 effe
1218 3276 1432 3356 videntur:

327 3391 593 3489 propterea&
620 3384 660 3460 id
674 3407 795 3485 genus
821 3380 987 3475 alfenus,
1019 3386 1208 3487 quoniam
1235 3411 1331 3467 cavae
1349 3413 1430 3492 par-

329 3503 379 3576 tis
405 3516 536 3575 tumor
571 3494 635 3588 eil,
662 3488 781 3596 graeei
822 3487 1001 3575 mantelius
1038 3495 1188 3575 dieitur.
1245 3496 1303 3575 At
1336 3523 1435 3582 eavae

330 3608 534 3708 superioris
583 3597 853 3705 inferiorisque
897 3607 1085 3710 palpebtae
1128 3607 1436 3688 extremitatesai

332 3717 473 3794 Graecis
497 3716 639 3806 canthi,
666 3712 832 3794 inolitis
854 3720 985 3819 anguli
1017 3723 1297 3796 nominantur:
1340 3721 1436 3797 alter

332 3832 457 3921 major
486 3822 532 3900 ad
567 3825 703 3907 nasum
739 3850 912 3930 vergens,
961 3832 1093 3907 minor
1132 3832 1227 3908 alter
1268 3824 1437 3926 tempori

336 3940 585 4045 propinquus.
1337 3934 1442 4032 Oeuf
