3510 4830
448 258 526 351 xiv
619 236 692 351 nu
709 246 870 343 Rufo
896 272 963 339 ar
990 248 1124 345 Ruxr
1155 268 1398 345 sextaris

449 442 573 575 picit.
655 425 732 535 Ad
762 426 877 528 hanc
902 463 996 529 rem
1034 460 1179 527 urnas
1205 442 1252 527 δι
1287 431 1383 528 olus
1399 424 1564 531 laudat}

454 580 572 671 Inter
585 570 703 669 olera
720 597 869 669 tamen
892 605 940 667 ea
966 564 1104 700 jubet,
1131 600 1231 704 quae
1258 585 1305 667 δε
1328 598 1562 669 rventrem

452 708 609 812 leniter
630 705 895 824 subducunt,
927 723 974 807 δι
1015 714 1242 805 urinarum
1273 715 1563 809 acrimoniam

456 845 737 967 retundunt,
771 846 826 947 de
866 844 1066 945 carnibus
1102 880 1209 946 vero
1244 841 1357 946 hanc
1390 842 1565 945 adhibet

453 998 722 1102 cautionem,
760 979 952 1081 uthaud
979 977 1278 1116 unquamne,
1323 980 1406 1081 nisi
1440 1020 1567 1123 pror·

456 1122 557 1225 fusq
582 1129 779 1225 extinsto
798 1116 927 1220 febris
948 1115 1116 1235 ardore,
1155 1114 1345 1221 vescatur
1362 1157 1398 1219 ae
1428 1154 1565 1221 rotus.

458 1270 567 1362 Hoc
592 1260 647 1363 de
673 1258 815 1363 vistis
842 1268 1010 1359 ratione
1035 1255 1218 1358 consilio
1242 1253 1305 1358 itai
1347 1158 1562 1375 adbibito,

457 1437 596 1540 pauca
627 1394 831 1542 quadam
870 1394 924 1497 de
954 1406 1136 1537 ‘quiete
1172 1415 1219 1498 tc
1262 1406 1568 1497 exercitatione

459 1570 693 1659 memorat,
755 1535 869 1638 bam
908 1532 1241 1674 ingravescente,
1275 1539 1412 1651 iilam,
1471 1572 1568 1636 non

459 1677 542 1777 nisi
565 1683 804 1779 inclinante
828 1673 990 1775 morbo
1007 1675 1141 1814 idque
1162 1679 1374 1815 paulatim
1400 1691 1446 1774 &
1463 1710 1568 1773 mo·

459 1811 555 1917 dice
591 1825 806 1956 praecipit,
848 1810 1004 1913 deinde
1032 1849 1138 1915 vero
1171 1851 1266 1954 quo
1300 1811 1473 1914 firmior
1517 1829 1567 1914 δι

460 1958 673 2055 valentior
730 1951 903 2055 evaserit
947 1984 1151 2090 aegrotus,
1198 1948 1252 2051 eb
1290 1958 1388 2088 plus
1421 1945 1569 2049 deam-

463 2089 761 2191 bulationibus
793 2084 1256 2223 exercitationibusque
1294 2090 1386 2185 aliis
1421 2097 1486 2187 uti
1500 2097 1573 2222 juj

287 2276 311 2311 κ·
461 2224 548 2325 bet.

243 2516 296 2586 De
312 2514 446 2605 Purgan-
536 2519 576 2622 ς,
603 2543 641 2628 3,
670 2506 1009 2632 snejettionem
1033 2509 1205 2641 antiqui
1240 2507 1368 2600 variis
1386 2497 1573 2602 medica-

239 2604 332 2667 nbus.
461 2653 625 2747 mentis
661 2641 898 2776 crebraque
931 2652 1017 2747 alvi
1055 2639 1267 2741 ductione
1293 2646 1341 2739 iu
1366 2641 1573 2741 omnibus

465 2776 554 2883 feti
595 2777 763 2877 morbis
794 2779 1122 2896 moliebantur3
1171 2778 1256 2873 hoc
1293 2787 1342 2871 in
1391 2791 1575 2881 concin-

465 2910 621 3017 nandis
653 2907 894 3050 pharmacis
911 2913 1069 3015 artifex
1095 2905 1373 3050 peritiffimus
1399 2912 1575 3018 edocuit

466 3051 652 3188 prrfiue
683 3049 842 3166 noster,
878 3062 958 3190 qui
988 3056 1087 3151 licet
1108 3049 1334 3167 omnibus,
1376 3090 1573 3192 quorum

469 3196 695 3305 meminit,
765 3191 1016 3328 uagantibus
1050 3183 1097 3287 id
1119 3183 1293 3291 ascribat
1318 3207 1365 3291 &
1391 3194 1576 3299 attribu.

469 3359 531 3444 at,
564 3325 690 3467 quod
726 3226 862 3433 bitem
901 3337 1199 3470 pituitamque
1230 3362 1451 3468 purgent;
1485 3329 1576 3441 srn,

463 3468 678 3607 gulosum
716 3497 863 3567 tamen
906 3481 1084 3572 virtutes
1115 3473 1346 3608 peculiares
1386 3467 1575 3595 exhibet,

643 3717 753 3799 'Cau
774 3734 821 3800 13.
843 3736 869 3799 p.
893 3739 940 3783 ta.
1267 3726 1280 3763 ‘¹
1301 3720 1374 3786 lbid.

647 3810 656 3836 ¹
675 3800 751 3885 Cap.
764 3819 808 3881 15.
819 3820 848 3884 p.
860 3803 990 3889 13.Cap.
1003 3807 1048 3871 16.
1059 3824 1087 3888 p.
1101 3821 1147 3890 13,
1161 3822 1206 3887 14.
1343 3802 1486 3871 ‘Celsae

1457 3907 1502 3988 δε
1527 3902 1575 3992 in
