3510 4830
323 285 391 382 47
627 253 814 345 Rurrr
857 245 1116 340 Ernastr

319 420 640 530 quandoquidem
665 414 922 500 divinillrmus
953 422 1204 525 Hippocrates
1235 417 1277 500 in
1308 420 1432 519 libro}-

318 540 387 640 qui
420 533 639 611 inscribitur
673 533 722 610 de
747 531 862 609 Locis
889 533 931 607 in
949 530 1126 623 homine,
1150 533 1203 608 ita
1228 532 1425 633 loquiturt

321 645 511 748 Corporis
539 663 670 722 autem
691 659 827 720 natura
846 639 1034 718 sermonis
1050 645 1093 719 in
1110 642 1305 719 medicina
1318 648 1425 744 prin-

317 759 465 860 cipium
485 753 547 831 est.
604 755 692 830 Nos
706 754 821 853 igitur
834 753 951 827 etiam
972 744 1303 852 afimplrcionbus
1324 775 1424 831 exte·

316 861 468 967 rit‘rsque
503 862 667 965 aspellui
692 862 864 960 subjedlis
893 854 1024 951 exorsi,
1058 884 1195 940 eorum
1219 867 1427 966 praenoti07

318 1001 413 1056 nem
437 966 796 1078 appellationesque
809 969 1030 1050 trademus..

314 1113 326 1138 ⁸
371 1139 552 1215 Maxima
591 1135 767 1238 corporis
805 1151 943 1237 partes,
976 1150 1104 1235 caput,
1134 1133 1296 1223 collum,
1335 1134 1428 1214 tho·'

314 1270 398 1339 rarr,
456 1270 604 1339 ananus,
663 1239 849 1344 crurique
901 1244 1001 1321 sunt.
1073 1241 1294 1320 Thoracem
1341 1269 1426 1323 non

315 1361 444 1436 solum
477 1351 499 1436 al
536 1356 677 1455 jugulis
715 1356 762 1432 ad
791 1353 999 1453 praecordia
1038 1353 1170 1450 usque,
1206 1351 1271 1428 sed
1295 1370 1430 1433 totum-

314 1463 496 1567 :ijugulis
526 1463 720 1560 usquead
756 1462 940 1563 genitalia
975 1482 1186 1540 vocamus.

383 1627 552 1730 Caput,
600 1624 708 1726 quod
758 1621 905 1726 capillis
959 1624 1145 1702 intertum
1190 1619 1266 1716 est,
1312 1617 1428 1707 simul

311 1738 436 1820 'etiam
488 1758 580 1815 curn
620 1734 719 1811 facie
761 1736 800 1809 δι
841 1733 915 1811 alia
955 1727 1006 1809 stc
1039 1732 1272 1835 appellantes
1317 1759 1425 1813 com-

311 1845 611 1955 prehendimus:
640 1845 746 1947 prior
759 1841 935 1945 capillata
953 1864 1036 1945 pars
1068 1843 1245 1947 synciput
1261 1844 1425 1924 dicitur:

317 1965 461 2062 inquo
475 1961 513 2037 dc
535 1955 662 2034 sutura
689 1953 752 2048 est,
773 1955 965 2056 quoniam
994 1948 1061 2054 ipll
1078 1977 1241 2031 coronas
1262 1957 1425 2033 circuns-

314 2073 514 2175 ponimus,
539 2082 856 2154 coronamenta,
883 2064 1070 2166 psterior
1098 2066 1280 2166 occiput:
1302 2084 1435 2166 partes.

319 2182 369 2258 ab
393 2198 554 2280 utraque
577 2179 775 2278 syncipitis
800 2191 907 2275 parte
939 2192 1139 2274 tempora:
1167 2197 1250 2277 pars
1283 2176 1427 2273 media,

312 2284 394 2390 qud
416 2279 584 2365 maxime
606 2287 898 2364 convolvuntur
913 2285 1055 2384 capilli,
1077 2302 1226 2363 vertex:
1254 2281 1324 2363 sub
1336 2283 1426 2386 syna

312 2401 435 2501 cipite
463 2396 572 2473 frons
597 2391 663 2472 sita
683 2394 757 2472 est:
781 2397 824 2469 in
851 2392 1093 2492 temporibus
1117 2394 1290 2493 pilorum
1313 2418 1424 2473 error.

269 2543 272 2547 <
314 2525 378 2585 tus
396 2508 467 2584 iuli
486 2503 619 2584 Graeco
639 2497 832 2593 vocabula
869 2494 1019 2582 Latini
1047 2494 1220 2604 lanugo:
1244 2500 1426 2603 posterio-

315 2616 578 2714 resoccipitis
605 2614 675 2712 pili
708 2607 734 2686 ci
764 2605 913 2687 Graecis
947 2599 1111 2684 chetaeri
1141 2601 1277 2713 noslrr‘s
1305 2613 1429 2693 crines

314 2720 594 2831 dicipoffunt:
631 2723 811 2796 ultimam
849 2716 989 2792 frontis
1027 2738 1162 2815 rugam
1183 2717 1426 2821 ·episcenion

285 2928 288 2933 ¹
317 2835 446 2915 Graecr'
465 2828 610 2918 dicunt,
650 2827 757 2929 quod
785 2826 1110 2926 supertentorium
1133 2826 1268 2903 nostris
1291 2828 1425 2912 sonat:

315 2963 442 3048 partes
470 2940 609 3017 frontis
635 2940 720 3037 pilis
749 2936 855 3012 hirta
888 2935 1088 3036 supercilia
1128 2933 1247 3010 sunt:
1280 2935 1424 3022 horum

315 3054 446 3132 inedia
482 3046 728 3150 intercapedo
753 3044 1016 3146 mesoplrryon
1037 3036 1142 3150 apud
1165 3042 1338 3124 Graecos‘
1358 3047 1424 3157 est,··

317 3152 508 3248 Romanis
516 3152 710 3268 glabella:
733 3157 824 3233 inde
843 3153 953 3233 nasus
967 3156 1187 3256 porrigitur.

371 3271 463 3350 Nasr
488 3291 712 3349 extremum·
741 3268 923 3369 globulus
952 3265 1114 3344 dicitur:
1149 3268 1257 3366 quod
1289 3271 1425 3350 nasum

317 3388 360 3462 in
380 3382 471 3459 duas
492 3383 717 3459 cavernulas·
728 3378 934 3480 distinguit,
965 3376 1236 3479 interseptum:
1254 3373 1426 3481 dglobu·

318 3496 360 3571 lo
384 3491 590 3570 carnosum
613 3487 809 3588 quoddam
834 3491 875 3563 in
897 3484 1043 3563 labium
1062 3486 1319 3581 descendens,
1354 3516 1426 3572 co·

316 3606 453 3681 lumoa
488 3600 575 3677 cst:
619 3592 696 3676 nali
734 3619 824 3675 cava
856 3597 903 3674 ab
939 3614 1106 3696 utroque
1131 3597 1329 3703 intersepti
1372 3604 1424 3683 la·

318 3732 412 3810 tore,
462 3735 529 3818 per
554 3733 638 3814 qua
662 3706 823 3820 olfactus
860 3703 1061 3819 praestatur,
1087 3730 1196 3818 nares
1210 3731 1427 3898 vocantuarr:

1344 3843 1370 3898 n
1407 3846 1430 3899 t·.
